<?xml version="1.0" encoding="UTF-8"?>
<!DOCTYPE html PUBLIC "-//W3C//DTD XHTML 1.0 Transitional//EN"
    "http://www.w3.org/TR/xhtml1/DTD/xhtml1-transitional.dtd">
<html xmlns="http://www.w3.org/1999/xhtml" xml:lang="en" lang="en">
 <head>
  <title>
</title>
<meta http-equiv="Content-Type" content="text/html;charset=utf-8" />
  <meta name='ocr-system' content='tesseract 3.04.00' />
  <meta name='ocr-capabilities' content='ocr_page ocr_carea ocr_par ocr_line ocrx_word'/>
</head>
<body>
  <div class='ocr_page' id='page_1' title='image "./correspondencem01cicegoog_0162.png"; bbox 0 0 3022 5444; ppageno 0'>
   <div class='ocr_carea' id='block_1_1' title="bbox 450 403 973 489">
    <p class='ocr_par' dir='ltr' id='par_1_1' title="bbox 450 403 973 489">
     <span class='ocr_line' id='line_1_1' title="bbox 450 403 973 489; baseline 0.008 -23"><span class='ocrx_word' id='word_1_1' title='bbox 450 403 681 471; x_wconf 77' lang='lat' dir='ltr'>ncccyrrr.</span> <span class='ocrx_word' id='word_1_2' title='bbox 709 406 832 489; x_wconf 75' lang='lat' dir='ltr'>(nnn</span> <span class='ocrx_word' id='word_1_3' title='bbox 865 406 905 470; x_wconf 83' lang='lat' dir='ltr'>x.</span> <span class='ocrx_word' id='word_1_4' title='bbox 929 407 973 484; x_wconf 77' lang='lat' dir='ltr'>a.</span> 
     </span>
    </p>
   </div>
   <div class='ocr_carea' id='block_1_2' title="bbox 204 819 1220 909">
    <p class='ocr_par' dir='ltr' id='par_1_2' title="bbox 204 819 1220 909">
     <span class='ocr_line' id='line_1_2' title="bbox 204 819 1220 909; baseline 0.002 -23"><span class='ocrx_word' id='word_1_5' title='bbox 204 819 427 889; x_wconf 83' lang='lat' dir='ltr'><strong>DOCOVIII.</strong></span> <span class='ocrx_word' id='word_1_6' title='bbox 473 821 692 891; x_wconf 79' lang='lat' dir='ltr'><strong>PLANGUS</strong></span> <span class='ocrx_word' id='word_1_7' title='bbox 716 821 775 890; x_wconf 78' lang='grc' dir='ltr'>ΤΟ</span> <span class='ocrx_word' id='word_1_8' title='bbox 799 822 970 892; x_wconf 76' lang='lat' dir='ltr'>CICERO</span> <span class='ocrx_word' id='word_1_9' title='bbox 997 824 1101 909; x_wconf 75' lang='lat' dir='ltr'>(Fun.</span> <span class='ocrx_word' id='word_1_10' title='bbox 1125 846 1158 890; x_wconf 84' lang='lat' dir='ltr'>x.</span> <span class='ocrx_word' id='word_1_11' title='bbox 1177 827 1220 908; x_wconf 80' lang='lat'>4).</span> 
     </span>
    </p>
   </div>
   <div class='ocr_carea' id='block_1_3' title="bbox 175 1012 1249 1184">
    <p class='ocr_par' dir='ltr' id='par_1_3' title="bbox 175 1012 1249 1184">
     <span class='ocr_line' id='line_1_3' title="bbox 175 1012 1249 1099; baseline 0.004 -24"><span class='ocrx_word' id='word_1_12' title='bbox 175 1032 471 1084; x_wconf 56' lang='lat' dir='ltr'>cantumerulam</span> <span class='ocrx_word' id='word_1_13' title='bbox 503 1033 692 1076; x_wconf 72' lang='lat' dir='ltr'>novancuria</span> <span class='ocrx_word' id='word_1_14' title='bbox 714 1012 828 1099; x_wconf 82' lang='lat' dir='ltr'>(nnn);</span> <span class='ocrx_word' id='word_1_15' title='bbox 859 1033 1075 1093; x_wconf 79' lang='lat' dir='ltr'>A.11.c.tto;</span> <span class='ocrx_word' id='word_1_16' title='bbox 1106 1033 1249 1091; x_wconf 79' lang='lat' dir='ltr'>s.c.44;</span> 
     </span>
     <span class='ocr_line' id='line_1_4' title="bbox 606 1137 821 1184; baseline 0.014 -4"><span class='ocrx_word' id='word_1_17' title='bbox 606 1137 821 1184; x_wconf 71' lang='lat' dir='ltr'>sumerset.</span> 
     </span>
    </p>
   </div>
   <div class='ocr_carea' id='block_1_4' title="bbox 107 1311 1321 1460">
    <p class='ocr_par' dir='ltr' id='par_1_4' title="bbox 107 1311 1321 1460">
     <span class='ocr_line' id='line_1_5' title="bbox 157 1311 1321 1378; baseline 0.001 -16"><span class='ocrx_word' id='word_1_18' title='bbox 157 1312 186 1362; x_wconf 88' lang='lat' dir='ltr'>L.</span> <span class='ocrx_word' id='word_1_19' title='bbox 198 1312 330 1362; x_wconf 78' lang='lat' dir='ltr'>Munatius</span> <span class='ocrx_word' id='word_1_20' title='bbox 343 1313 451 1363; x_wconf 77' lang='lat' dir='ltr'>Plancus</span> <span class='ocrx_word' id='word_1_21' title='bbox 467 1312 636 1377; x_wconf 86' lang='lat' dir='ltr'>superioribus</span> <span class='ocrx_word' id='word_1_22' title='bbox 647 1311 685 1362; x_wconf 82' lang='lat' dir='ltr'>M.</span> <span class='ocrx_word' id='word_1_23' title='bbox 700 1312 825 1363; x_wconf 78' lang='lat' dir='ltr'>Ciceronis</span> <span class='ocrx_word' id='word_1_24' title='bbox 836 1313 928 1364; x_wconf 88' lang='lat' dir='ltr'>litteris</span> <span class='ocrx_word' id='word_1_25' title='bbox 938 1314 1076 1365; x_wconf 76' lang='lat' dir='ltr'>rescribens</span> <span class='ocrx_word' id='word_1_26' title='bbox 1086 1313 1199 1378; x_wconf 81' lang='lat' dir='ltr'>agnoseit</span> <span class='ocrx_word' id='word_1_27' title='bbox 1209 1313 1321 1364; x_wconf 81' lang='lat' dir='ltr'>benevo-</span> 
     </span>
     <span class='ocr_line' id='line_1_6' title="bbox 107 1392 1038 1460; baseline 0.002 -17"><span class='ocrx_word' id='word_1_28' title='bbox 107 1392 212 1444; x_wconf 76' lang='lat' dir='ltr'>lentiam</span> <span class='ocrx_word' id='word_1_29' title='bbox 223 1394 352 1444; x_wconf 83' lang='lat' dir='ltr'>monitoris</span> <span class='ocrx_word' id='word_1_30' title='bbox 364 1410 467 1460; x_wconf 80' lang='lat' dir='ltr'>seseque</span> <span class='ocrx_word' id='word_1_31' title='bbox 477 1396 504 1443; x_wconf 91' lang='lat' dir='ltr'>in</span> <span class='ocrx_word' id='word_1_32' title='bbox 516 1399 640 1457; x_wconf 74' lang='lat' dir='ltr'>potestate</span> <span class='ocrx_word' id='word_1_33' title='bbox 651 1394 687 1444; x_wconf 91' lang='lat' dir='ltr'>rei</span> <span class='ocrx_word' id='word_1_34' title='bbox 699 1395 815 1458; x_wconf 84' lang='lat' dir='ltr'>publicae</span> <span class='ocrx_word' id='word_1_35' title='bbox 831 1395 885 1446; x_wconf 83' lang='lat' dir='ltr'>fore</span> <span class='ocrx_word' id='word_1_36' title='bbox 897 1395 1038 1459; x_wconf 88' lang='lat' dir='ltr'>pollicetur.</span> 
     </span>
    </p>
   </div>
   <div class='ocr_carea' id='block_1_5' title="bbox 526 1558 900 1616">
    <p class='ocr_par' dir='ltr' id='par_1_5' title="bbox 526 1558 900 1616">
     <span class='ocr_line' id='line_1_7' title="bbox 526 1558 900 1616; baseline 0.005 -2"><span class='ocrx_word' id='word_1_37' title='bbox 526 1558 695 1615; x_wconf 70' lang='lat' dir='ltr'>Plancus</span> <span class='ocrx_word' id='word_1_38' title='bbox 714 1560 900 1616; x_wconf 84' lang='lat' dir='ltr'>CICERONI.</span> 
     </span>
    </p>
   </div>
   <div class='ocr_carea' id='block_1_6' title="bbox 107 1714 1324 3351">
    <p class='ocr_par' dir='ltr' id='par_1_6' title="bbox 107 1714 1324 3351">
     <span class='ocr_line' id='line_1_8' title="bbox 176 1714 1323 1802; baseline 0.002 -22"><span class='ocrx_word' id='word_1_39' title='bbox 176 1716 205 1780; x_wconf 91' lang='grc'>1.</span> <span class='ocrx_word' id='word_1_40' title='bbox 231 1714 443 1781; x_wconf 80' lang='lat' dir='ltr'>Gratissimae</span> <span class='ocrx_word' id='word_1_41' title='bbox 472 1714 555 1779; x_wconf 92' lang='lat' dir='ltr'>mihi</span> <span class='ocrx_word' id='word_1_42' title='bbox 586 1720 661 1781; x_wconf 88' lang='lat' dir='ltr'>tuae</span> <span class='ocrx_word' id='word_1_43' title='bbox 690 1715 820 1781; x_wconf 81' lang='lat' dir='ltr'>litterae</span> <span class='ocrx_word' id='word_1_44' title='bbox 848 1717 995 1795; x_wconf 84' lang='lat' dir='ltr'>fuerunt,</span> <span class='ocrx_word' id='word_1_45' title='bbox 1027 1740 1106 1802; x_wconf 91' lang='lat' dir='ltr'>quas</span> <span class='ocrx_word' id='word_1_46' title='bbox 1135 1740 1176 1782; x_wconf 87' lang='lat' dir='ltr'>ex</span> <span class='ocrx_word' id='word_1_47' title='bbox 1205 1716 1323 1783; x_wconf 85' lang='lat' dir='ltr'>Furnii</span> 
     </span>
     <span class='ocr_line' id='line_1_9' title="bbox 111 1817 1324 1905; baseline 0.002 -23"><span class='ocrx_word' id='word_1_48' title='bbox 111 1842 258 1884; x_wconf 88' lang='lat' dir='ltr'>sermone</span> <span class='ocrx_word' id='word_1_49' title='bbox 274 1823 307 1884; x_wconf 89' lang='lat' dir='ltr'>te</span> <span class='ocrx_word' id='word_1_50' title='bbox 322 1817 484 1904; x_wconf 82' lang='lat' dir='ltr'>scripsisse</span> <span class='ocrx_word' id='word_1_51' title='bbox 500 1817 728 1884; x_wconf 87' lang='lat' dir='ltr'>animadverti.</span> <span class='ocrx_word' id='word_1_52' title='bbox 773 1818 848 1904; x_wconf 85' lang='lat' dir='ltr'>Ego</span> <span class='ocrx_word' id='word_1_53' title='bbox 861 1824 969 1884; x_wconf 83' lang='lat' dir='ltr'>autem</span> <span class='ocrx_word' id='word_1_54' title='bbox 986 1819 1153 1905; x_wconf 89' lang='lat' dir='ltr'>praeteriti</span> <span class='ocrx_word' id='word_1_55' title='bbox 1169 1819 1324 1904; x_wconf 91' lang='lat' dir='ltr'>temporis</span> 
     </span>
     <span class='ocr_line' id='line_1_10' title="bbox 110 1921 1324 2007; baseline 0.002 -21"><span class='ocrx_word' id='word_1_56' title='bbox 110 1923 351 1987; x_wconf 87' lang='lat' dir='ltr'>excusationem</span> <span class='ocrx_word' id='word_1_57' title='bbox 367 1921 489 1999; x_wconf 85' lang='lat' dir='ltr'>adfero,</span> <span class='ocrx_word' id='word_1_58' title='bbox 506 1923 592 2006; x_wconf 93' lang='lat' dir='ltr'>quod</span> <span class='ocrx_word' id='word_1_59' title='bbox 609 1927 642 1986; x_wconf 90' lang='lat' dir='ltr'>te</span> <span class='ocrx_word' id='word_1_60' title='bbox 656 1922 837 2007; x_wconf 85' lang='lat' dir='ltr'>proiectum</span> <span class='ocrx_word' id='word_1_61' title='bbox 853 1922 1030 2001; x_wconf 86' lang='lat' dir='ltr'>audieram,</span> <span class='ocrx_word' id='word_1_62' title='bbox 1047 1945 1105 1987; x_wconf 90' lang='lat' dir='ltr'>neo</span> <span class='ocrx_word' id='word_1_63' title='bbox 1127 1924 1231 1987; x_wconf 91' lang='lat' dir='ltr'>multo</span> <span class='ocrx_word' id='word_1_64' title='bbox 1247 1926 1324 1988; x_wconf 89' lang='lat' dir='ltr'>ante</span> 
     </span>
     <span class='ocr_line' id='line_1_11' title="bbox 109 2025 1324 2111; baseline 0.002 -21"><span class='ocrx_word' id='word_1_65' title='bbox 109 2028 230 2091; x_wconf 86' lang='lat' dir='ltr'>redisse</span> <span class='ocrx_word' id='word_1_66' title='bbox 257 2025 324 2104; x_wconf 90' lang='lat' dir='ltr'>scii,</span> <span class='ocrx_word' id='word_1_67' title='bbox 352 2046 451 2110; x_wconf 86' lang='lat' dir='ltr'>quam</span> <span class='ocrx_word' id='word_1_68' title='bbox 476 2047 516 2089; x_wconf 89' lang='lat' dir='ltr'>ex</span> <span class='ocrx_word' id='word_1_69' title='bbox 543 2026 760 2111; x_wconf 81' lang='lat' dir='ltr'>epistolatus</span> <span class='ocrx_word' id='word_1_70' title='bbox 783 2026 942 2111; x_wconf 80' lang='lat' dir='ltr'>cognovi3</span> <span class='ocrx_word' id='word_1_71' title='bbox 967 2026 1096 2091; x_wconf 90' lang='lat' dir='ltr'>nullum</span> <span class='ocrx_word' id='word_1_72' title='bbox 1122 2025 1267 2092; x_wconf 89' lang='lat' dir='ltr'>enimin</span> <span class='ocrx_word' id='word_1_73' title='bbox 1291 2032 1324 2092; x_wconf 90' lang='lat' dir='ltr'>te</span> 
     </span>
     <span class='ocr_line' id='line_1_12' title="bbox 108 2128 1323 2215; baseline 0.001 -21"><span class='ocrx_word' id='word_1_74' title='bbox 108 2130 260 2208; x_wconf 86' lang='lat' dir='ltr'>officium,</span> <span class='ocrx_word' id='word_1_75' title='bbox 287 2151 329 2192; x_wconf 93' lang='lat' dir='ltr'>ne</span> <span class='ocrx_word' id='word_1_76' title='bbox 355 2128 529 2193; x_wconf 91' lang='lat' dir='ltr'>minimum</span> <span class='ocrx_word' id='word_1_77' title='bbox 553 2128 696 2213; x_wconf 88' lang='lat' dir='ltr'>quidem,</span> <span class='ocrx_word' id='word_1_78' title='bbox 721 2128 791 2193; x_wconf 89' lang='lat' dir='ltr'>sine</span> <span class='ocrx_word' id='word_1_79' title='bbox 813 2129 957 2194; x_wconf 86' lang='lat' dir='ltr'>maxime</span> <span class='ocrx_word' id='word_1_80' title='bbox 979 2131 1074 2214; x_wconf 90' lang='lat' dir='ltr'>culpa</span> <span class='ocrx_word' id='word_1_81' title='bbox 1097 2130 1207 2195; x_wconf 88' lang='lat' dir='ltr'>videor</span> <span class='ocrx_word' id='word_1_82' title='bbox 1231 2151 1323 2215; x_wconf 87' lang='lat' dir='ltr'>posse</span> 
     </span>
     <span class='ocr_line' id='line_1_13' title="bbox 108 2230 1323 2318; baseline 0.001 -21"><span class='ocrx_word' id='word_1_83' title='bbox 108 2233 292 2318; x_wconf 88' lang='lat' dir='ltr'>praeterire,</span> <span class='ocrx_word' id='word_1_84' title='bbox 323 2233 358 2297; x_wconf 93' lang='lat' dir='ltr'>in</span> <span class='ocrx_word' id='word_1_85' title='bbox 390 2255 454 2317; x_wconf 92' lang='lat' dir='ltr'>quc</span> <span class='ocrx_word' id='word_1_86' title='bbox 483 2233 606 2297; x_wconf 90' lang='lat' dir='ltr'>tuendo</span> <span class='ocrx_word' id='word_1_87' title='bbox 635 2230 738 2297; x_wconf 91' lang='lat' dir='ltr'>habeo</span> <span class='ocrx_word' id='word_1_88' title='bbox 768 2254 879 2297; x_wconf 89' lang='lat' dir='ltr'>causas</span> <span class='ocrx_word' id='word_1_89' title='bbox 908 2233 1064 2318; x_wconf 86' lang='lat' dir='ltr'>plurimae</span> <span class='ocrx_word' id='word_1_90' title='bbox 1087 2233 1140 2298; x_wconf 84' lang='lat' dir='ltr'>vel</span> <span class='ocrx_word' id='word_1_91' title='bbox 1170 2239 1323 2318; x_wconf 83' lang='lat' dir='ltr'>paternae</span> 
     </span>
     <span class='ocr_line' id='line_1_14' title="bbox 109 2335 1323 2422; baseline 0.002 -22"><span class='ocrx_word' id='word_1_92' title='bbox 109 2336 357 2401; x_wconf 87' lang='lat' dir='ltr'>necessitudinis</span> <span class='ocrx_word' id='word_1_93' title='bbox 381 2335 433 2401; x_wconf 85' lang='lat' dir='ltr'>vel</span> <span class='ocrx_word' id='word_1_94' title='bbox 458 2358 547 2401; x_wconf 89' lang='lat' dir='ltr'>meae</span> <span class='ocrx_word' id='word_1_95' title='bbox 570 2358 590 2400; x_wconf 89' lang='lat' dir='ltr'>a</span> <span class='ocrx_word' id='word_1_96' title='bbox 612 2336 753 2422; x_wconf 90' lang='lat' dir='ltr'>pueritia</span> <span class='ocrx_word' id='word_1_97' title='bbox 777 2335 999 2401; x_wconf 85' lang='lat' dir='ltr'>observantiae</span> <span class='ocrx_word' id='word_1_98' title='bbox 1026 2336 1077 2402; x_wconf 91' lang='lat' dir='ltr'>vel</span> <span class='ocrx_word' id='word_1_99' title='bbox 1100 2336 1150 2401; x_wconf 90' lang='lat' dir='ltr'>tui</span> <span class='ocrx_word' id='word_1_100' title='bbox 1170 2359 1249 2422; x_wconf 82' lang='lat' dir='ltr'>erga</span> <span class='ocrx_word' id='word_1_101' title='bbox 1270 2358 1323 2402; x_wconf 91' lang='lat' dir='ltr'>me</span> 
     </span>
     <span class='ocr_line' id='line_1_15' title="bbox 110 2437 1323 2525; baseline 0.001 -23"><span class='ocrx_word' id='word_1_102' title='bbox 110 2440 217 2504; x_wconf 89' lang='lat' dir='ltr'>mutui</span> <span class='ocrx_word' id='word_1_103' title='bbox 244 2440 372 2504; x_wconf 86' lang='lat' dir='ltr'>amoris.</span> <span class='ocrx_word' id='word_1_104' title='bbox 431 2441 462 2501; x_wconf 87' lang='grc'>2.</span> <span class='ocrx_word' id='word_1_105' title='bbox 487 2438 562 2511; x_wconf 81' lang='lat' dir='ltr'>Qua</span> <span class='ocrx_word' id='word_1_106' title='bbox 584 2461 628 2518; x_wconf 88' lang='lat' dir='ltr'>re,</span> <span class='ocrx_word' id='word_1_107' title='bbox 645 2438 692 2503; x_wconf 95' lang='lat' dir='ltr'>mi</span> <span class='ocrx_word' id='word_1_108' title='bbox 714 2437 835 2518; x_wconf 81' lang='lat' dir='ltr'>(licere,</span> <span class='ocrx_word' id='word_1_109' title='bbox 852 2440 939 2525; x_wconf 90' lang='lat' dir='ltr'>quod</span> <span class='ocrx_word' id='word_1_110' title='bbox 960 2461 1032 2504; x_wconf 90' lang='lat' dir='ltr'>mea</span> <span class='ocrx_word' id='word_1_111' title='bbox 1053 2443 1176 2523; x_wconf 92' lang='lat' dir='ltr'>tuaque</span> <span class='ocrx_word' id='word_1_112' title='bbox 1197 2438 1323 2523; x_wconf 89' lang='lat' dir='ltr'>patitur</span> 
     </span>
     <span class='ocr_line' id='line_1_16' title="bbox 107 2540 1322 2629; baseline 0.001 -23"><span class='ocrx_word' id='word_1_113' title='bbox 107 2546 206 2621; x_wconf 87' lang='lat' dir='ltr'>aetas,</span> <span class='ocrx_word' id='word_1_114' title='bbox 223 2543 380 2628; x_wconf 89' lang='lat' dir='ltr'>persuade</span> <span class='ocrx_word' id='word_1_115' title='bbox 395 2540 455 2606; x_wconf 92' lang='lat' dir='ltr'>tibi</span> <span class='ocrx_word' id='word_1_116' title='bbox 471 2547 504 2607; x_wconf 90' lang='lat' dir='ltr'>te</span> <span class='ocrx_word' id='word_1_117' title='bbox 520 2564 621 2607; x_wconf 92' lang='lat' dir='ltr'>uuum</span> <span class='ocrx_word' id='word_1_118' title='bbox 638 2565 715 2620; x_wconf 91' lang='lat' dir='ltr'>esse,</span> <span class='ocrx_word' id='word_1_119' title='bbox 731 2544 766 2608; x_wconf 93' lang='lat' dir='ltr'>in</span> <span class='ocrx_word' id='word_1_120' title='bbox 782 2565 846 2629; x_wconf 93' lang='lat' dir='ltr'>quo</span> <span class='ocrx_word' id='word_1_121' title='bbox 862 2565 922 2628; x_wconf 88' lang='lat' dir='ltr'>ego</span> <span class='ocrx_word' id='word_1_122' title='bbox 937 2543 1071 2608; x_wconf 86' lang='lat' dir='ltr'>colendo</span> <span class='ocrx_word' id='word_1_123' title='bbox 1085 2541 1224 2628; x_wconf 88' lang='lat' dir='ltr'>patriam</span> <span class='ocrx_word' id='word_1_124' title='bbox 1240 2540 1322 2607; x_wconf 93' lang='lat' dir='ltr'>mihi</span> 
     </span>
     <span class='ocr_line' id='line_1_17' title="bbox 107 2644 1320 2733; baseline -0.001 -23"><span class='ocrx_word' id='word_1_125' title='bbox 107 2646 330 2710; x_wconf 89' lang='lat' dir='ltr'>constituerim</span> <span class='ocrx_word' id='word_1_126' title='bbox 355 2645 570 2709; x_wconf 85' lang='lat' dir='ltr'>sanctitatem.</span> <span class='ocrx_word' id='word_1_127' title='bbox 626 2646 745 2711; x_wconf 90' lang='lat' dir='ltr'>Omnia</span> <span class='ocrx_word' id='word_1_128' title='bbox 771 2647 874 2733; x_wconf 89' lang='lat' dir='ltr'>igitur</span> <span class='ocrx_word' id='word_1_129' title='bbox 899 2651 957 2711; x_wconf 91' lang='lat' dir='ltr'>tua</span> <span class='ocrx_word' id='word_1_130' title='bbox 982 2646 1114 2711; x_wconf 86' lang='lat' dir='ltr'>consilia</span> <span class='ocrx_word' id='word_1_131' title='bbox 1144 2644 1225 2709; x_wconf 91' lang='lat' dir='ltr'>mihi</span> <span class='ocrx_word' id='word_1_132' title='bbox 1255 2666 1320 2709; x_wconf 93' lang='lat' dir='ltr'>non</span> 
     </span>
     <span class='ocr_line' id='line_1_18' title="bbox 108 2748 1321 2834; baseline 0 -22"><span class='ocrx_word' id='word_1_133' title='bbox 108 2749 214 2834; x_wconf 85' lang='lat' dir='ltr'>nragis</span> <span class='ocrx_word' id='word_1_134' title='bbox 229 2750 422 2833; x_wconf 88' lang='lat' dir='ltr'>prudentiae</span> <span class='ocrx_word' id='word_1_135' title='bbox 432 2749 539 2832; x_wconf 89' lang='lat' dir='ltr'>plena,</span> <span class='ocrx_word' id='word_1_136' title='bbox 556 2770 639 2833; x_wconf 91' lang='lat' dir='ltr'>quae</span> <span class='ocrx_word' id='word_1_137' title='bbox 654 2770 780 2814; x_wconf 87' lang='lat' dir='ltr'>summa</span> <span class='ocrx_word' id='word_1_138' title='bbox 795 2753 853 2828; x_wconf 89' lang='lat' dir='ltr'>est,</span> <span class='ocrx_word' id='word_1_139' title='bbox 867 2750 1019 2815; x_wconf 90' lang='lat' dir='ltr'>videntur</span> <span class='ocrx_word' id='word_1_140' title='bbox 1033 2771 1131 2834; x_wconf 88' lang='lat' dir='ltr'>quam</span> <span class='ocrx_word' id='word_1_141' title='bbox 1144 2748 1321 2826; x_wconf 85' lang='lat' dir='ltr'>fidelitatis,</span> 
     </span>
     <span class='ocr_line' id='line_1_19' title="bbox 107 2850 1316 2937; baseline 0.001 -22"><span class='ocrx_word' id='word_1_142' title='bbox 107 2874 207 2936; x_wconf 88' lang='lat' dir='ltr'>quam</span> <span class='ocrx_word' id='word_1_143' title='bbox 222 2875 283 2937; x_wconf 92' lang='lat' dir='ltr'>ego</span> <span class='ocrx_word' id='word_1_144' title='bbox 299 2875 339 2916; x_wconf 84' lang='lat' dir='ltr'>ex</span> <span class='ocrx_word' id='word_1_145' title='bbox 351 2873 425 2916; x_wconf 91' lang='lat' dir='ltr'>mea</span> <span class='ocrx_word' id='word_1_146' title='bbox 439 2850 635 2916; x_wconf 87' lang='lat' dir='ltr'>conscientia</span> <span class='ocrx_word' id='word_1_147' title='bbox 649 2852 781 2916; x_wconf 88' lang='lat' dir='ltr'>metior:</span> <span class='ocrx_word' id='word_1_148' title='bbox 799 2874 864 2937; x_wconf 90' lang='lat' dir='ltr'>qua</span> <span class='ocrx_word' id='word_1_149' title='bbox 878 2875 913 2917; x_wconf 91' lang='lat' dir='ltr'>re</span> <span class='ocrx_word' id='word_1_150' title='bbox 928 2854 955 2917; x_wconf 89' lang='lat' dir='ltr'>si</span> <span class='ocrx_word' id='word_1_151' title='bbox 971 2858 1029 2916; x_wconf 89' lang='lat' dir='ltr'>aut</span> <span class='ocrx_word' id='word_1_152' title='bbox 1041 2852 1136 2916; x_wconf 90' lang='lat' dir='ltr'>aliter</span> <span class='ocrx_word' id='word_1_153' title='bbox 1151 2851 1316 2931; x_wconf 86' lang='lat' dir='ltr'>sentirem,</span> 
     </span>
     <span class='ocr_line' id='line_1_20' title="bbox 107 2953 1321 3039; baseline 0 -19"><span class='ocrx_word' id='word_1_154' title='bbox 107 2961 194 3020; x_wconf 87' lang='lat' dir='ltr'>certe</span> <span class='ocrx_word' id='word_1_155' title='bbox 219 2954 399 3019; x_wconf 88' lang='lat' dir='ltr'>admonitio</span> <span class='ocrx_word' id='word_1_156' title='bbox 415 2960 473 3019; x_wconf 89' lang='lat' dir='ltr'>tua</span> <span class='ocrx_word' id='word_1_157' title='bbox 490 2976 543 3018; x_wconf 92' lang='lat' dir='ltr'>me</span> <span class='ocrx_word' id='word_1_158' title='bbox 562 2956 737 3039; x_wconf 90' lang='lat' dir='ltr'>reprimere</span> <span class='ocrx_word' id='word_1_159' title='bbox 760 2964 827 3034; x_wconf 88' lang='lat' dir='ltr'>aut,</span> <span class='ocrx_word' id='word_1_160' title='bbox 844 2956 871 3020; x_wconf 88' lang='lat' dir='ltr'>si</span> <span class='ocrx_word' id='word_1_161' title='bbox 890 2956 1085 3033; x_wconf 90' lang='lat' dir='ltr'>dubitarem,</span> <span class='ocrx_word' id='word_1_162' title='bbox 1102 2954 1243 3020; x_wconf 86' lang='lat' dir='ltr'>hortatio</span> <span class='ocrx_word' id='word_1_163' title='bbox 1258 2953 1321 3020; x_wconf 90' lang='lat' dir='ltr'>im·</span> 
     </span>
     <span class='ocr_line' id='line_1_21' title="bbox 109 3057 1324 3145; baseline 0.001 -22"><span class='ocrx_word' id='word_1_164' title='bbox 109 3059 231 3145; x_wconf 90' lang='lat' dir='ltr'>pellere</span> <span class='ocrx_word' id='word_1_165' title='bbox 254 3064 371 3143; x_wconf 88' lang='lat' dir='ltr'>posset,</span> <span class='ocrx_word' id='word_1_166' title='bbox 395 3063 434 3123; x_wconf 89' lang='lat' dir='ltr'>ut</span> <span class='ocrx_word' id='word_1_167' title='bbox 456 3057 491 3122; x_wconf 94' lang='lat' dir='ltr'>id</span> <span class='ocrx_word' id='word_1_168' title='bbox 514 3079 674 3142; x_wconf 89' lang='lat' dir='ltr'>sequerer,</span> <span class='ocrx_word' id='word_1_169' title='bbox 690 3058 777 3143; x_wconf 89' lang='lat' dir='ltr'>quod</span> <span class='ocrx_word' id='word_1_170' title='bbox 797 3063 836 3123; x_wconf 88' lang='lat' dir='ltr'>tu</span> <span class='ocrx_word' id='word_1_171' title='bbox 856 3059 1016 3143; x_wconf 90' lang='lat' dir='ltr'>optimum</span> <span class='ocrx_word' id='word_1_172' title='bbox 1037 3063 1178 3144; x_wconf 89' lang='lat' dir='ltr'>putares.</span> <span class='ocrx_word' id='word_1_173' title='bbox 1223 3057 1324 3124; x_wconf 92' lang='lat' dir='ltr'>Nune</span> 
     </span>
     <span class='ocr_line' id='line_1_22' title="bbox 111 3160 1324 3249; baseline 0.001 -23"><span class='ocrx_word' id='word_1_174' title='bbox 111 3185 186 3228; x_wconf 84' lang='lat' dir='ltr'>vero</span> <span class='ocrx_word' id='word_1_175' title='bbox 210 3164 289 3248; x_wconf 91' lang='lat' dir='ltr'>quid</span> <span class='ocrx_word' id='word_1_176' title='bbox 311 3167 370 3239; x_wconf 90' lang='lat' dir='ltr'>est,</span> <span class='ocrx_word' id='word_1_177' title='bbox 388 3162 475 3247; x_wconf 90' lang='lat' dir='ltr'>quod</span> <span class='ocrx_word' id='word_1_178' title='bbox 493 3183 545 3226; x_wconf 92' lang='lat' dir='ltr'>me</span> <span class='ocrx_word' id='word_1_179' title='bbox 563 3161 599 3225; x_wconf 91' lang='lat' dir='ltr'>in</span> <span class='ocrx_word' id='word_1_180' title='bbox 623 3161 722 3226; x_wconf 88' lang='lat' dir='ltr'>aliam</span> <span class='ocrx_word' id='word_1_181' title='bbox 744 3165 868 3249; x_wconf 88' lang='lat' dir='ltr'>partem</span> <span class='ocrx_word' id='word_1_182' title='bbox 894 3160 1021 3227; x_wconf 88' lang='lat' dir='ltr'>trahere</span> <span class='ocrx_word' id='word_1_183' title='bbox 1043 3160 1168 3247; x_wconf 81' lang='lat' dir='ltr'>possit?</span> <span class='ocrx_word' id='word_1_184' title='bbox 1213 3160 1324 3232; x_wconf 78' lang='lat' dir='ltr'>Quae-</span> 
     </span>
     <span class='ocr_line' id='line_1_23' title="bbox 110 3263 1322 3351; baseline 0 -21"><span class='ocrx_word' id='word_1_185' title='bbox 110 3288 249 3351; x_wconf 90' lang='lat' dir='ltr'>cumque</span> <span class='ocrx_word' id='word_1_186' title='bbox 273 3267 309 3330; x_wconf 93' lang='lat' dir='ltr'>in</span> <span class='ocrx_word' id='word_1_187' title='bbox 324 3289 376 3330; x_wconf 94' lang='lat' dir='ltr'>me</span> <span class='ocrx_word' id='word_1_188' title='bbox 399 3265 486 3330; x_wconf 90' lang='lat' dir='ltr'>bona</span> <span class='ocrx_word' id='word_1_189' title='bbox 503 3270 581 3330; x_wconf 88' lang='lat' dir='ltr'>sunt</span> <span class='ocrx_word' id='word_1_190' title='bbox 603 3270 661 3329; x_wconf 87' lang='lat' dir='ltr'>eut</span> <span class='ocrx_word' id='word_1_191' title='bbox 680 3263 832 3331; x_wconf 83' lang='lat' dir='ltr'>fortunae</span> <span class='ocrx_word' id='word_1_192' title='bbox 854 3264 1010 3331; x_wconf 89' lang='lat' dir='ltr'>beneficio</span> <span class='ocrx_word' id='word_1_193' title='bbox 1030 3263 1155 3330; x_wconf 88' lang='lat' dir='ltr'>tributa</span> <span class='ocrx_word' id='word_1_194' title='bbox 1176 3270 1234 3330; x_wconf 88' lang='lat' dir='ltr'>aut</span> <span class='ocrx_word' id='word_1_195' title='bbox 1249 3287 1322 3330; x_wconf 91' lang='lat' dir='ltr'>meo</span> 
     </span>
    </p>
   </div>
   <div class='ocr_carea' id='block_1_7' title="bbox 109 3463 1324 4501">
    <p class='ocr_par' dir='ltr' id='par_1_7' title="bbox 109 3463 1324 3721">
     <span class='ocr_line' id='line_1_24' title="bbox 144 3463 1324 3529; baseline -0.002 -13"><span class='ocrx_word' id='word_1_196' title='bbox 144 3466 225 3516; x_wconf 85' lang='lat' dir='ltr'>There</span> <span class='ocrx_word' id='word_1_197' title='bbox 245 3467 266 3515; x_wconf 84' lang='lat' dir='ltr'>ie</span> <span class='ocrx_word' id='word_1_198' title='bbox 289 3483 321 3515; x_wconf 84' lang='lat' dir='ltr'>an</span> <span class='ocrx_word' id='word_1_199' title='bbox 341 3466 465 3516; x_wconf 86' lang='lat' dir='ltr'>elaborate</span> <span class='ocrx_word' id='word_1_200' title='bbox 484 3465 584 3514; x_wconf 87' lang='lat' dir='ltr'>treatise</span> <span class='ocrx_word' id='word_1_201' title='bbox 602 3465 639 3513; x_wconf 80' lang='lat' dir='ltr'>De</span> <span class='ocrx_word' id='word_1_202' title='bbox 660 3466 692 3514; x_wconf 81' lang='lat' dir='ltr'>L.</span> <span class='ocrx_word' id='word_1_203' title='bbox 745 3463 854 3514; x_wconf 79' lang='lat' dir='ltr'>Plancus</span> <span class='ocrx_word' id='word_1_204' title='bbox 870 3464 920 3514; x_wconf 87' lang='lat' dir='ltr'>had</span> <span class='ocrx_word' id='word_1_205' title='bbox 936 3465 1007 3515; x_wconf 88' lang='lat' dir='ltr'>made</span> <span class='ocrx_word' id='word_1_206' title='bbox 1024 3480 1039 3514; x_wconf 87' lang='lat' dir='ltr'>a</span> <span class='ocrx_word' id='word_1_207' title='bbox 1055 3464 1157 3514; x_wconf 80' lang='lat' dir='ltr'>definite</span> <span class='ocrx_word' id='word_1_208' title='bbox 1169 3470 1268 3529; x_wconf 87' lang='lat' dir='ltr'>request</span> <span class='ocrx_word' id='word_1_209' title='bbox 1285 3465 1324 3515; x_wconf 80' lang='lat' dir='ltr'>sor</span> 
     </span>
     <span class='ocr_line' id='line_1_25' title="bbox 109 3528 1223 3593; baseline -0.004 -12"><span class='ocrx_word' id='word_1_210' title='bbox 109 3532 213 3581; x_wconf 51' lang='lat' dir='ltr'>Malean</span> <span class='ocrx_word' id='word_1_211' title='bbox 221 3534 306 3581; x_wconf 79' lang='lat' dir='ltr'>Planci</span> <span class='ocrx_word' id='word_1_212' title='bbox 318 3545 422 3579; x_wconf 74' lang='lat' dir='ltr'>cerateas</span> <span class='ocrx_word' id='word_1_213' title='bbox 429 3531 460 3593; x_wconf 94' lang='lat' dir='ltr'>by</span> <span class='ocrx_word' id='word_1_214' title='bbox 468 3530 569 3593; x_wconf 79' lang='lat' dir='ltr'>August</span> <span class='ocrx_word' id='word_1_215' title='bbox 580 3529 693 3578; x_wconf 86' lang='lat' dir='ltr'>Rhodius</span> <span class='ocrx_word' id='word_1_216' title='bbox 745 3529 788 3579; x_wconf 91' lang='lat' dir='ltr'>the</span> <span class='ocrx_word' id='word_1_217' title='bbox 800 3538 864 3578; x_wconf 88' lang='lat' dir='ltr'>most</span> <span class='ocrx_word' id='word_1_218' title='bbox 874 3529 1010 3592; x_wconf 86' lang='lat' dir='ltr'>important</span> <span class='ocrx_word' id='word_1_219' title='bbox 1020 3528 1131 3591; x_wconf 83' lang='lat' dir='ltr'>politioal</span> <span class='ocrx_word' id='word_1_220' title='bbox 1142 3544 1223 3578; x_wconf 88' lang='lat' dir='ltr'>news.</span> 
     </span>
     <span class='ocr_line' id='line_1_26' title="bbox 112 3592 1322 3660; baseline -0.001 -16"><span class='ocrx_word' id='word_1_221' title='bbox 112 3596 245 3659; x_wconf 82' lang='lat' dir='ltr'>(Beutzen,</span> <span class='ocrx_word' id='word_1_222' title='bbox 268 3598 350 3660; x_wconf 85' lang='lat'>1896),</span> <span class='ocrx_word' id='word_1_223' title='bbox 370 3605 396 3645; x_wconf 94' lang='lat' dir='ltr'>to</span> <span class='ocrx_word' id='word_1_224' title='bbox 413 3594 497 3643; x_wconf 81' lang='lat' dir='ltr'>which</span> <span class='ocrx_word' id='word_1_225' title='bbox 508 3609 602 3643; x_wconf 83' lang='lat' dir='ltr'>weare</span> <span class='ocrx_word' id='word_1_226' title='bbox 618 3594 693 3643; x_wconf 90' lang='lat' dir='ltr'>much</span> <span class='ocrx_word' id='word_1_227' title='bbox 777 3596 821 3642; x_wconf 80' lang='lat' dir='ltr'>ccii</span> <span class='ocrx_word' id='word_1_228' title='bbox 839 3629 846 3642; x_wconf 91' lang='lat'><strong>.</strong></span> <span class='ocrx_word' id='word_1_229' title='bbox 865 3629 872 3643; x_wconf 91' lang='lat'><strong>.</strong></span> <span class='ocrx_word' id='word_1_230' title='bbox 893 3630 899 3643; x_wconf 93' lang='lat'><strong><em>.</em></strong></span> <span class='ocrx_word' id='word_1_231' title='bbox 918 3592 1025 3659; x_wconf 67' lang='lat' dir='ltr'>repricat]</span> <span class='ocrx_word' id='word_1_232' title='bbox 1070 3592 1233 3643; x_wconf 86' lang='lat' dir='ltr'>Thereisne</span> <span class='ocrx_word' id='word_1_233' title='bbox 1249 3608 1322 3656; x_wconf 86' lang='lat' dir='ltr'>prae·</span> 
     </span>
     <span class='ocr_line' id='line_1_27' title="bbox 109 3656 1324 3721; baseline -0.002 -11"><span class='ocrx_word' id='word_1_234' title='bbox 109 3660 235 3710; x_wconf 86' lang='lat' dir='ltr'>indebted.</span> <span class='ocrx_word' id='word_1_235' title='bbox 744 3657 805 3708; x_wconf 87' lang='lat' dir='ltr'>tical</span> <span class='ocrx_word' id='word_1_236' title='bbox 815 3657 959 3708; x_wconf 89' lang='lat' dir='ltr'>distinction</span> <span class='ocrx_word' id='word_1_237' title='bbox 971 3657 1030 3707; x_wconf 87' lang='lat' dir='ltr'>here</span> <span class='ocrx_word' id='word_1_238' title='bbox 1045 3657 1158 3707; x_wconf 79' lang='lat' dir='ltr'>between</span> <span class='ocrx_word' id='word_1_239' title='bbox 1169 3658 1212 3707; x_wconf 86' lang='lat' dir='ltr'>the</span> <span class='ocrx_word' id='word_1_240' title='bbox 1223 3656 1324 3721; x_wconf 79' lang='lat' dir='ltr'>general</span> 
     </span>
    </p>

    <p class='ocr_par' dir='ltr' id='par_1_8' title="bbox 110 3721 1324 3854">
     <span class='ocr_line' id='line_1_28' title="bbox 146 3721 1324 3789; baseline -0.002 -16"><span class='ocrx_word' id='word_1_241' title='bbox 146 3730 168 3774; x_wconf 92' lang='lat' dir='ltr'>l.</span> <span class='ocrx_word' id='word_1_242' title='bbox 189 3723 297 3789; x_wconf 75' lang='lat' dir='ltr'>litterae]</span> <span class='ocrx_word' id='word_1_243' title='bbox 330 3723 449 3775; x_wconf 65' lang='lat' dir='ltr'>laboth</span> <span class='ocrx_word' id='word_1_244' title='bbox 461 3723 532 3773; x_wconf 87' lang='lat' dir='ltr'>Fam.</span> <span class='ocrx_word' id='word_1_245' title='bbox 546 3739 572 3773; x_wconf 85' lang='lat' dir='ltr'>x.</span> <span class='ocrx_word' id='word_1_246' title='bbox 591 3725 692 3773; x_wconf 67' lang='lat' dir='ltr'>laudi</span> <span class='ocrx_word' id='word_1_247' title='bbox 744 3725 797 3784; x_wconf 74' lang='lat' dir='ltr'>ccii,</span> <span class='ocrx_word' id='word_1_248' title='bbox 832 3723 941 3780; x_wconf 62' lang='lat' dir='ltr'>‘lmotn’</span> <span class='ocrx_word' id='word_1_249' title='bbox 964 3724 1013 3772; x_wconf 90' lang='lat' dir='ltr'>and</span> <span class='ocrx_word' id='word_1_250' title='bbox 1032 3721 1076 3772; x_wconf 88' lang='lat' dir='ltr'>the</span> <span class='ocrx_word' id='word_1_251' title='bbox 1102 3737 1169 3772; x_wconf 90' lang='lat' dir='ltr'>more</span> <span class='ocrx_word' id='word_1_252' title='bbox 1189 3721 1324 3786; x_wconf 81' lang='lat' dir='ltr'>particular</span> 
     </span>
     <span class='ocr_line' id='line_1_29' title="bbox 110 3787 967 3854; baseline -0.007 -12"><span class='ocrx_word' id='word_1_253' title='bbox 110 3792 177 3854; x_wconf 77' lang='lat' dir='ltr'>(tet,</span> <span class='ocrx_word' id='word_1_254' title='bbox 193 3792 260 3851; x_wconf 82' lang='lat'>789).</span> <span class='ocrx_word' id='word_1_255' title='bbox 743 3789 847 3850; x_wconf 65' lang='lat' dir='ltr'>ananeel,</span> <span class='ocrx_word' id='word_1_256' title='bbox 868 3787 967 3836; x_wconf 80' lang='lat' dir='ltr'>‘learn’</span> 
     </span>
    </p>

    <p class='ocr_par' dir='ltr' id='par_1_9' title="bbox 141 3848 1323 3938">
     <span class='ocr_line' id='line_1_30' title="bbox 141 3848 1323 3938; baseline -0.001 -35"><span class='ocrx_word' id='word_1_257' title='bbox 141 3856 233 3903; x_wconf 80' lang='lat' dir='ltr'>Furnia&#39;</span> <span class='ocrx_word' id='word_1_258' title='bbox 245 3852 361 3919; x_wconf 66' lang='lat' dir='ltr'>atritione]</span> <span class='ocrx_word' id='word_1_259' title='bbox 380 3852 692 3917; x_wconf 71' lang='lat' dir='ltr'>cp.uam.x.s,1(tse).</span> <span class='ocrx_word' id='word_1_260' title='bbox 776 3854 815 3901; x_wconf 83' lang='lat' dir='ltr'>vel</span> <span class='ocrx_word' id='word_1_261' title='bbox 831 3855 868 3900; x_wconf 81' lang='lat' dir='ltr'>tul</span> <span class='ocrx_word' id='word_1_262' title='bbox 887 3867 944 3913; x_wconf 68' lang='lat' dir='ltr'>erpa</span> <span class='ocrx_word' id='word_1_263' title='bbox 966 3867 1002 3900; x_wconf 83' lang='lat' dir='ltr'>me</span> <span class='ocrx_word' id='word_1_264' title='bbox 1023 3853 1102 3898; x_wconf 80' lang='lat' dir='ltr'>mutui</span> <span class='ocrx_word' id='word_1_265' title='bbox 1125 3848 1226 3938; x_wconf 48' lang='lat' dir='ltr'>amris}</span> <span class='ocrx_word' id='word_1_266' title='bbox 1262 3850 1323 3902; x_wconf 82' lang='lat' dir='ltr'>‘the</span> 
     </span>
    </p>

    <p class='ocr_par' dir='ltr' id='par_1_10' title="bbox 110 3914 1323 4357">
     <span class='ocr_line' id='line_1_31' title="bbox 144 3914 1210 3984; baseline -0.004 -17"><span class='ocrx_word' id='word_1_267' title='bbox 144 3919 244 3984; x_wconf 75' lang='lat' dir='ltr'>redisse]</span> <span class='ocrx_word' id='word_1_268' title='bbox 279 3919 332 3968; x_wconf 87' lang='lat' dir='ltr'>The</span> <span class='ocrx_word' id='word_1_269' title='bbox 347 3926 433 3968; x_wconf 83' lang='lat' dir='ltr'>return</span> <span class='ocrx_word' id='word_1_270' title='bbox 445 3918 472 3967; x_wconf 83' lang='lat' dir='ltr'>ef</span> <span class='ocrx_word' id='word_1_271' title='bbox 488 3916 574 3967; x_wconf 82' lang='lat' dir='ltr'>Cicero</span> <span class='ocrx_word' id='word_1_272' title='bbox 585 3918 694 3968; x_wconf 79' lang='lat' dir='ltr'>referred</span> <span class='ocrx_word' id='word_1_273' title='bbox 743 3916 910 3980; x_wconf 85' lang='lat' dir='ltr'>reciprocated</span> <span class='ocrx_word' id='word_1_274' title='bbox 922 3916 977 3966; x_wconf 84' lang='lat' dir='ltr'>love</span> <span class='ocrx_word' id='word_1_275' title='bbox 989 3929 1039 3980; x_wconf 88' lang='lat' dir='ltr'>you</span> <span class='ocrx_word' id='word_1_276' title='bbox 1051 3914 1101 3964; x_wconf 79' lang='lat' dir='ltr'>leel</span> <span class='ocrx_word' id='word_1_277' title='bbox 1112 3914 1153 3964; x_wconf 79' lang='lat' dir='ltr'>for</span> <span class='ocrx_word' id='word_1_278' title='bbox 1164 3931 1210 3963; x_wconf 90' lang='lat' dir='ltr'>me.</span> 
     </span>
     <span class='ocr_line' id='line_1_32' title="bbox 111 3978 1323 4045; baseline -0.003 -11"><span class='ocrx_word' id='word_1_279' title='bbox 111 3991 138 4035; x_wconf 93' lang='lat' dir='ltr'>to</span> <span class='ocrx_word' id='word_1_280' title='bbox 149 3984 208 4033; x_wconf 89' lang='lat' dir='ltr'>here</span> <span class='ocrx_word' id='word_1_281' title='bbox 224 3988 246 4032; x_wconf 88' lang='lat' dir='ltr'>is</span> <span class='ocrx_word' id='word_1_282' title='bbox 263 3992 308 4032; x_wconf 91' lang='lat' dir='ltr'>not</span> <span class='ocrx_word' id='word_1_283' title='bbox 325 3984 381 4032; x_wconf 89' lang='lat' dir='ltr'>that</span> <span class='ocrx_word' id='word_1_284' title='bbox 397 3983 462 4032; x_wconf 82' lang='lat' dir='ltr'>irem</span> <span class='ocrx_word' id='word_1_285' title='bbox 480 3981 581 4031; x_wconf 88' lang='lat' dir='ltr'>Puteoli</span> <span class='ocrx_word' id='word_1_286' title='bbox 597 3981 625 4030; x_wconf 92' lang='lat' dir='ltr'>in</span> <span class='ocrx_word' id='word_1_287' title='bbox 643 3981 691 4032; x_wconf 80' lang='lat' dir='ltr'>lle·</span> <span class='ocrx_word' id='word_1_288' title='bbox 776 3985 801 4030; x_wconf 80' lang='lat'>2.</span> <span class='ocrx_word' id='word_1_289' title='bbox 810 3983 923 4042; x_wconf 81' lang='lat' dir='ltr'>patriam</span> <span class='ocrx_word' id='word_1_290' title='bbox 934 4016 939 4029; x_wconf 95' lang='lat'><em>.</em></span> <span class='ocrx_word' id='word_1_291' title='bbox 951 4017 957 4029; x_wconf 92' lang='lat'><strong>.</strong></span> <span class='ocrx_word' id='word_1_292' title='bbox 970 4016 976 4029; x_wconf 91' lang='lat'><strong>.</strong></span> <span class='ocrx_word' id='word_1_293' title='bbox 987 3979 1152 4045; x_wconf 65' lang='lat' dir='ltr'>satientatem]</span> <span class='ocrx_word' id='word_1_294' title='bbox 1172 3978 1323 4030; x_wconf 85' lang='lat' dir='ltr'>‘lhaveset</span> 
     </span>
     <span class='ocr_line' id='line_1_33' title="bbox 111 4044 1320 4109; baseline -0.004 -10"><span class='ocrx_word' id='word_1_295' title='bbox 111 4049 218 4109; x_wconf 83' lang='lat' dir='ltr'>sember,</span> <span class='ocrx_word' id='word_1_296' title='bbox 233 4048 279 4097; x_wconf 93' lang='lat' dir='ltr'>but</span> <span class='ocrx_word' id='word_1_297' title='bbox 290 4048 332 4097; x_wconf 86' lang='lat' dir='ltr'>the</span> <span class='ocrx_word' id='word_1_298' title='bbox 346 4054 431 4096; x_wconf 88' lang='lat' dir='ltr'>return</span> <span class='ocrx_word' id='word_1_299' title='bbox 443 4048 508 4096; x_wconf 84' lang='lat' dir='ltr'>from</span> <span class='ocrx_word' id='word_1_300' title='bbox 521 4046 560 4095; x_wconf 82' lang='lat' dir='ltr'>his</span> <span class='ocrx_word' id='word_1_301' title='bbox 573 4045 692 4097; x_wconf 86' lang='lat' dir='ltr'>intended</span> <span class='ocrx_word' id='word_1_302' title='bbox 742 4045 828 4095; x_wconf 87' lang='lat' dir='ltr'>before</span> <span class='ocrx_word' id='word_1_303' title='bbox 836 4045 929 4109; x_wconf 88' lang='lat' dir='ltr'>mysell</span> <span class='ocrx_word' id='word_1_304' title='bbox 938 4044 981 4094; x_wconf 92' lang='lat' dir='ltr'>the</span> <span class='ocrx_word' id='word_1_305' title='bbox 990 4046 1052 4108; x_wconf 91' lang='lat' dir='ltr'>duty</span> <span class='ocrx_word' id='word_1_306' title='bbox 1061 4044 1089 4094; x_wconf 88' lang='lat' dir='ltr'>ol</span> <span class='ocrx_word' id='word_1_307' title='bbox 1100 4044 1161 4093; x_wconf 85' lang='lat' dir='ltr'>filial</span> <span class='ocrx_word' id='word_1_308' title='bbox 1169 4044 1320 4095; x_wconf 60' lang='lat' dir='ltr'>reverencest</span> 
     </span>
     <span class='ocr_line' id='line_1_34' title="bbox 110 4109 1323 4236; baseline -0.006 -6"><span class='ocrx_word' id='word_1_309' title='bbox 110 4130 210 4230; x_wconf 63' lang='lat' dir='ltr'>titt?</span> <span class='ocrx_word' id='word_1_310' title='bbox 232 4112 595 4227; x_wconf 54' lang='lat' dir='ltr'>ll‘lnd‘iiltst&#39;ttulil</span> <span class='ocrx_word' id='word_1_311' title='bbox 624 4110 693 4225; x_wconf 63' lang='lat' dir='ltr'>,Thi</span> <span class='ocrx_word' id='word_1_312' title='bbox 743 4109 1323 4236; x_wconf 59' lang='lat' dir='ltr'>littlllttlttlatltttllttf</span> 
     </span>
     <span class='ocr_line' id='line_1_35' title="bbox 113 4190 1273 4357; baseline -0.003 -65"><span class='ocrx_word' id='word_1_313' title='bbox 113 4244 193 4357; x_wconf 52' lang='lat' dir='ltr'>sslo),</span> <span class='ocrx_word' id='word_1_314' title='bbox 208 4259 259 4292; x_wconf 90' lang='lat' dir='ltr'>was</span> <span class='ocrx_word' id='word_1_315' title='bbox 276 4251 341 4291; x_wconf 89' lang='lat' dir='ltr'>most</span> <span class='ocrx_word' id='word_1_316' title='bbox 358 4214 478 4305; x_wconf 74' lang='lat' dir='ltr'>probably</span> <span class='ocrx_word' id='word_1_317' title='bbox 493 4241 594 4290; x_wconf 81' lang='lat' dir='ltr'>written</span> <span class='ocrx_word' id='word_1_318' title='bbox 607 4239 693 4290; x_wconf 80' lang='lat' dir='ltr'>before</span> <span class='ocrx_word' id='word_1_319' title='bbox 742 4239 764 4288; x_wconf 89' lang='lat' dir='ltr'>is</span> <span class='ocrx_word' id='word_1_320' title='bbox 776 4239 866 4304; x_wconf 89' lang='lat' dir='ltr'>simply</span> <span class='ocrx_word' id='word_1_321' title='bbox 878 4239 947 4289; x_wconf 87' lang='lat' dir='ltr'>what</span> <span class='ocrx_word' id='word_1_322' title='bbox 957 4254 1038 4289; x_wconf 85' lang='lat' dir='ltr'>comes</span> <span class='ocrx_word' id='word_1_323' title='bbox 1048 4238 1115 4289; x_wconf 80' lang='lat' dir='ltr'>irem</span> <span class='ocrx_word' id='word_1_324' title='bbox 1126 4190 1273 4289; x_wconf 67' lang='lat' dir='ltr'>tbdfuther.</span> 
     </span>
    </p>

    <p class='ocr_par' dir='ltr' id='par_1_11' title="bbox 111 4303 1322 4501">
     <span class='ocr_line' id='line_1_36' title="bbox 137 4303 1322 4369; baseline -0.003 -11"><span class='ocrx_word' id='word_1_325' title='bbox 137 4307 250 4358; x_wconf 82' lang='lat' dir='ltr'>ecember</span> <span class='ocrx_word' id='word_1_326' title='bbox 265 4311 304 4368; x_wconf 79' lang='lat'>20,</span> <span class='ocrx_word' id='word_1_327' title='bbox 319 4323 346 4355; x_wconf 87' lang='lat' dir='ltr'>ss</span> <span class='ocrx_word' id='word_1_328' title='bbox 362 4305 493 4356; x_wconf 80' lang='lat' dir='ltr'>otherwise</span> <span class='ocrx_word' id='word_1_329' title='bbox 511 4305 598 4355; x_wconf 86' lang='lat' dir='ltr'>Cicero</span> <span class='ocrx_word' id='word_1_330' title='bbox 609 4305 693 4355; x_wconf 89' lang='lat' dir='ltr'>would</span> <span class='ocrx_word' id='word_1_331' title='bbox 776 4320 847 4368; x_wconf 81' lang='lat' dir='ltr'>quam</span> <span class='ocrx_word' id='word_1_332' title='bbox 855 4303 1002 4369; x_wconf 73' lang='lat' dir='ltr'>fidelitatis]</span> <span class='ocrx_word' id='word_1_333' title='bbox 1039 4304 1115 4353; x_wconf 91' lang='lat' dir='ltr'>‘than</span> <span class='ocrx_word' id='word_1_334' title='bbox 1130 4303 1233 4354; x_wconf 88' lang='lat' dir='ltr'>sincerit</span> <span class='ocrx_word' id='word_1_335' title='bbox 1253 4304 1322 4363; x_wconf 88' lang='lat' dir='ltr'>,and</span> 
     </span>
     <span class='ocr_line' id='line_1_37' title="bbox 112 4367 1320 4433; baseline -0.002 -12"><span class='ocrx_word' id='word_1_336' title='bbox 112 4372 177 4423; x_wconf 86' lang='lat' dir='ltr'>have</span> <span class='ocrx_word' id='word_1_337' title='bbox 189 4373 260 4421; x_wconf 88' lang='lat' dir='ltr'>made</span> <span class='ocrx_word' id='word_1_338' title='bbox 272 4373 383 4422; x_wconf 88' lang='lat' dir='ltr'>mention</span> <span class='ocrx_word' id='word_1_339' title='bbox 395 4371 422 4419; x_wconf 81' lang='lat' dir='ltr'>ol</span> <span class='ocrx_word' id='word_1_340' title='bbox 436 4370 479 4419; x_wconf 90' lang='lat' dir='ltr'>the</span> <span class='ocrx_word' id='word_1_341' title='bbox 491 4370 601 4433; x_wconf 81' lang='lat' dir='ltr'>meeting</span> <span class='ocrx_word' id='word_1_342' title='bbox 612 4369 693 4420; x_wconf 77' lang='lat' dir='ltr'>ottho</span> <span class='ocrx_word' id='word_1_343' title='bbox 744 4369 817 4419; x_wconf 81' lang='lat' dir='ltr'>Iesn</span> <span class='ocrx_word' id='word_1_344' title='bbox 827 4384 940 4420; x_wconf 85' lang='lat' dir='ltr'>measure</span> <span class='ocrx_word' id='word_1_345' title='bbox 957 4368 1013 4418; x_wconf 87' lang='lat' dir='ltr'>that</span> <span class='ocrx_word' id='word_1_346' title='bbox 1026 4367 1092 4419; x_wconf 80' lang='lat' dir='ltr'>irum</span> <span class='ocrx_word' id='word_1_347' title='bbox 1107 4385 1149 4433; x_wconf 89' lang='lat' dir='ltr'>my</span> <span class='ocrx_word' id='word_1_348' title='bbox 1161 4384 1219 4419; x_wconf 89' lang='lat' dir='ltr'>own</span> <span class='ocrx_word' id='word_1_349' title='bbox 1267 4383 1320 4418; x_wconf 87' lang='lat' dir='ltr'>ow·</span> 
     </span>
     <span class='ocr_line' id='line_1_38' title="bbox 111 4433 831 4501; baseline -0.007 -12"><span class='ocrx_word' id='word_1_350' title='bbox 111 4443 197 4489; x_wconf 85' lang='lat' dir='ltr'>senate</span> <span class='ocrx_word' id='word_1_351' title='bbox 208 4437 265 4487; x_wconf 90' lang='lat' dir='ltr'>held</span> <span class='ocrx_word' id='word_1_352' title='bbox 277 4454 310 4487; x_wconf 93' lang='lat' dir='ltr'>on</span> <span class='ocrx_word' id='word_1_353' title='bbox 326 4436 383 4486; x_wconf 82' lang='lat' dir='ltr'>that</span> <span class='ocrx_word' id='word_1_354' title='bbox 398 4437 456 4501; x_wconf 91' lang='lat' dir='ltr'>day,</span> <span class='ocrx_word' id='word_1_355' title='bbox 468 4434 604 4501; x_wconf 79' lang='lat' dir='ltr'>especially</span> <span class='ocrx_word' id='word_1_356' title='bbox 618 4433 693 4485; x_wconf 86' lang='lat' dir='ltr'>when</span> <span class='ocrx_word' id='word_1_357' title='bbox 742 4433 831 4499; x_wconf 74' lang='lat' dir='ltr'>lcdga&#39;</span> 
     </span>
    </p>
   </div>
   <div class='ocr_carea' id='block_1_8' title="bbox 0 0 1516 5444">
    <p class='ocr_par' dir='ltr' id='par_1_12' title="bbox 0 0 1516 5444">
     <span class='ocr_line' id='line_1_39' title="bbox 0 0 1516 5444; baseline 0 0"><span class='ocrx_word' id='word_1_358' title='bbox 0 0 1516 5444; x_wconf 95' lang='lat' dir='ltr'> </span> 
     </span>
    </p>
   </div>
  </div>
 </body>
</html>
