3022 5444
420 375 691 446 DOOOOXXV.
716 376 838 460 (ΕΔΜ.
862 376 900 441 Χ
905 376 966 445 VJ.
988 377 1053 463 15).
1289 374 1354 440 279

148 561 223 652 Ego
238 564 330 631 omni
345 562 558 630 deleotetione
572 564 754 650 litterisque
768 562 919 631 omnibus
933 585 1045 630 oareo:
1068 584 1149 649 quae
1163 565 1240 629 ente
1254 583 1353 648 quum

146 669 180 733 te
194 667 305 734 videro
320 669 481 754 attingere
497 688 563 732 non
577 688 718 751 possum.
751 665 882 733 Medioo
896 667 1052 732 mercedis
1067 671 1227 754 quantum
1242 669 1351 752 posoet

149 771 296 855 promitti
309 770 439 837 iubeto:
463 771 499 835 id
510 769 622 856 soripsi
636 770 679 835 ed
693 768 877 835 Ummium.
923 771 954 835 2.
977 768 1089 836 Audio
1104 773 1137 836 te
1151 769 1260 835 animo
1275 768 1355 856 angi

149 878 183 939 et
207 874 369 940 medioum
391 873 496 940 dioere
522 896 563 939 ex
589 895 627 939 eo
651 877 685 938 te
704 871 862 939 laborare.
908 871 1018 939 Simo
1041 873 1162 959 diligis,
1187 874 1355 940 exeitnex

148 997 261 1043 somno
276 981 351 1042 tuae
365 976 491 1043 litteras
505 976 819 1063 humanitatemque,
829 980 1066 1063 propterquam
1082 976 1165 1042 mihi
1179 999 1213 1043 es
1227 976 1354 1042 oerissi-

148 1101 229 1147 mus.
275 1079 377 1148 Nune
391 1101 473 1167 opus
487 1083 536 1146 est
549 1083 583 1146 te
598 1079 708 1146 animo
723 1080 842 1161 velere,
858 1086 897 1147 ut
911 1102 1043 1167 eorpore
1062 1080 1174 1168 possis.
1220 1079 1264 1146 Id
1279 1101 1353 1146 oum

147 1185 205 1249 tue
220 1187 292 1250 tum
307 1205 381 1249 mee
403 1205 501 1250 eausa
518 1183 619 1250 faoias
634 1204 654 1247 e
668 1186 702 1250 te
724 1187 811 1268 peto.
869 1185 1030 1251 Aeastum
1051 1184 1166 1263 retine,
1188 1205 1253 1271 quo
1267 1205 1353 1251 oom-

147 1287 274 1354 modius
299 1287 362 1354 tibi
386 1288 603 1354 ministretur.
648 1288 813 1355 Oonservu
834 1291 868 1355 te
891 1288 994 1354 mihi:
1027 1287 1096 1354 dies
1121 1287 1354 1374 promissorum

147 1391 258 1457 edest:
291 1413 389 1477 quem
418 1391 518 1458 etiam
546 1392 807 1478 repraesentabo,
837 1393 865 1459 si
895 1392 1074 1460 adveneris.
1119 1390 1234 1458 Etiam
1256 1394 1354 1477 etque

147 1493 247 1561 etiem
262 1495 344 1561 vale.
391 1517 445 1560 ιιι.
461 1493 543 1562 Idus
556 1495 638 1562 hore
652 1517 700 1562 vr.

243 1912 506 1981 Docooxxv.
553 1913 727 1982 CICERO
750 1913 809 1982 ΤΟ
832 1913 947 1982 TIRO
972 1913 1078 1999 (Fun.
1100 1933 1175 1979 ιιι.
1200 1914 1256 1997 ιι).

170 2123 306 2181 ouum
334 2122 438 2167 nram
456 2122 506 2181 123
532 2122 565 2167 s.
582 2123 617 2167 o.
635 2122 663 2167 o.
680 2118 729 2171 700
744 2123 788 2166 on
803 2120 871 2181 7013
899 2123 930 2167 a.
948 2122 976 2167 o.
993 2121 1025 2170 os
1041 2122 1085 2166 on
1099 2119 1150 2180 ⁶83
1177 2121 1253 2166 nur.
1269 2120 1331 2166 oro.

677 2226 708 2275 oe
725 2227 769 2272 oa
783 2225 827 2274 oe.

308 2391 347 2446 11,
360 2392 446 2444 cicero
457 2408 529 2444 suem
540 2394 571 2443 de
582 2392 681 2444 Tironis
691 2392 836 2444 valetudiue
851 2391 1045 2444 sollicitudinem
1055 2389 1190 2456 significet.

541 2559 702 2616 TULLIUS
720 2558 850 2615 TIRONI
868 2559 946 2614 SAL.

218 2711 248 2773 l.
273 2708 431 2794 Aegypte
457 2709 499 2773 ad
524 2729 577 2774 me
604 2709 696 2774 venit
721 2707 827 2795 pridie
847 2706 929 2773 Idus
946 2707 1089 2795 Apriles.
1135 2708 1171 2776 Is
1190 2709 1252 2777 etsi
1273 2708 1357 2776 mihi

149 2812 316 2878 nuntiavit
331 2816 364 2877 te
378 2811 475 2897 plene
491 2810 576 2876 febri
587 2833 695 2877 oarere
711 2811 837 2878 etbelle
850 2811 980 2892 habere,
991 2816 1114 2895 temen,
1125 2816 1213 2899 quod
1220 2812 1355 2900 negavit

147 2918 182 2982 te
195 2915 338 3001 potuisse
354 2916 397 2980 ad
418 2936 471 2981 me
485 2914 632 2995 eoribere,
649 2936 760 2981 eurem
781 2914 865 2981 mihi
885 2916 1008 2996 attulit,
1024 2921 1056 2982 et
1074 2938 1112 2983 eo
1133 2917 1251 3004 magis,
1266 2917 1354 3003 quod

149 3018 300 3099 Hermia,
328 3040 424 3105 quern
449 3019 561 3084 eodem
586 3019 639 3083 die
664 3018 776 3084 venire
802 3024 998 3104 oportuerat,
1019 3041 1086 3085 non
1106 3025 1249 3087 venerut.
1294 3018 1355 3086 In·

148 3122 296 3189 oredibili
310 3145 383 3188 sum
401 3122 619 3188 sollieitudine
639 3123 680 3188 de
702 3127 760 3189 tua
774 3121 971 3202 valetudine,
988 3144 1052 3208 qua
1074 3122 1100 3190 si
1121 3146 1174 3190 me
1196 3123 1354 3204 liberario,

148 3249 210 3313 ego
234 3230 267 3292 te
294 3226 385 3292 omni
411 3249 488 3292 oure
510 3225 664 3292 liberabo.
722 3225 825 3291 Plura
850 3223 1032 3307 eoriberem,
1057 3228 1085 3292 si
1110 3227 1178 3293 iam
1202 3232 1355 3315 putarem

178 3423 285 3501 Modico]
331 3424 458 3489 Probably
481 3422 654 3474 Metrodorus:
685 3439 725 3487 op.
776 3438 860 3486 eorpus
877 3425 978 3474 libenter
996 3424 1121 3474 obtulerim
1137 3427 1160 3473 rt
1177 3427 1355 3487 repraesentari

147 3488 422 3554 Fam.xv1.20(693).
457 3488 573 3539 Ummius
590 3505 652 3551 was,
667 3505 725 3552 per·
775 3496 850 3538 morte
866 3506 917 3538 mea
935 3489 1032 3539 libertos
1045 3493 1153 3539 civitatis
1167 3496 1259 3552 potest,
1278 3489 1352 3540 Fam.

145 3553 217 3616 hope,
231 3553 605 3605 Oioero’shouseholdstewnrd
618 3557 725 3619 (demea
775 3570 801 3603 ι.
825 3558 864 3616 16,
884 3558 899 3603 6
923 3555 1000 3618 (629),
1024 3571 1072 3603 non
1092 3556 1199 3604 debemur
1220 3560 1354 3616 exspectare

146 3620 222 3682 rotor)
234 3624 260 3668 at
272 3620 416 3669 Tusculum.
775 3621 891 3680 temporis
915 3621 1056 3667 medicinam
1078 3636 1151 3681 quam
1174 3625 1354 3680 repraesentare

180 3686 204 3732 2.
222 3682 298 3749 exeo]
318 3685 397 3733 ‘from
404 3683 479 3745 thet,’
491 3683 535 3735 ie.
546 3684 612 3734 from
623 3683 726 3734 distress
775 3687 870 3734 ratione
889 3687 1019 3746 pessimun
1039 3683 1093 3733 Au.
1113 3683 1166 3733 xvi.
1189 3687 1212 3745 2,
1231 3687 1245 3733 3
1268 3683 1352 3798 (⁷⁷33

147 3748 264 3798 olmind.
775 3749 845 3800 Cres.
863 3749 893 3798 B.
906 3751 937 3800 G.
955 3748 974 3798 i.
990 3752 1032 3809 40,
1052 3752 1091 3798 14.
1127 3748 1190 3798 Itis
1206 3749 1353 3814 frequeny

179 3815 257 3862 emta
275 3828 303 3861 ss
324 3811 416 3878 somno]
451 3830 490 3876 ep.
511 3828 526 3862 u
547 3828 610 3878 very
628 3812 726 3863 similer
773 3814 929 3864 usedinthe
946 3813 1090 3863 meroentile
1106 3828 1178 3863 sense
1194 3813 1222 3863 of
1239 3813 1353 3877 ‘paying

146 3878 288 3940 metaph013
303 3894 341 3941 op.
351 3881 409 3938 926,
420 3880 444 3939 2,
455 3879 591 3927 litterulae
602 3895 666 3927 meae
676 3881 726 3927 sior
774 3878 849 3927 down
864 3880 941 3944 ready
957 3878 1067 3943 money,’
1079 3894 1131 3943 eg.
1148 3880 1202 3928 Art.
1219 3877 1264 3927 xii.
1281 3880 1322 3940 25,
1338 3881 1349 3927 l

145 3950 241 3991 nostroe
259 3945 297 3991 tui
316 3944 432 3992 &siderio
451 3943 634 4007 otlanqrmunt.
668 3944 726 3992 Hae
775 3943 854 4006 (561).

148 4014 225 4056 tomen
237 4010 338 4068 epistola
349 4024 420 4069 qaam
431 4010 538 4057 Acastus
548 4010 635 4058 attulit
646 4009 725 4057 oeulos

143 4075 254 4135 paullum
266 4076 424 4121 sustulerunt.
805 4071 856 4122 For
866 4072 974 4122 dotasse
985 4074 1042 4123 923.

180 4136 419 4203 diaspromieeorum]
436 4136 480 4187 i.e.
489 4135 532 4187 the
540 4139 589 4203 day
597 4153 631 4188 on
639 4135 724 4188 which
807 4141 831 4187 1.
850 4141 965 4201 Aeqypta
1009 4137 1129 4251 formerlg
1146 4153 1161 4186 a
1176 4137 1253 4198 slave,
1271 4135 1351 4187 after·

147 4201 538 4267 Ipromisedtomnnnmityou.
774 4202 855 4251 verde
873 4219 888 4251 a
905 4201 943 4251 ire
1001 4218 1042 4264 au,
1059 4201 1088 4252 ot
1125 4201 1207 4252 ioero:
1233 4217 1273 4265 op.
1294 4202 1351 4253 Art.

180 4283 248 4329 queem
266 4304 272 4316 .
292 4302 299 4316 .
318 4303 325 4316 .
344 4265 537 4332 repraesentabo]
584 4264 721 4317 ‘whiohI
774 4265 830 4317 viii.
844 4268 883 4327 15,
899 4269 910 4315 l
926 4268 1010 4331 (350);
1029 4265 1075 4316 xii.
1089 4268 1155 4327 37,1
1175 4267 1252 4329 (657).

146 4330 211 4382 shall
222 4331 356 4382 discouutss
391 4332 441 4382 For
452 4337 628 4394 repraesentare
644 4353 665 4374 ι
681 4336 725 4381 ‘to
808 4332 866 4382 telle
877 4331 973 4398 Moero]
1004 4333 1069 4381 ‘end
1080 4347 1145 4383 were
1156 4331 1232 4396 doing
1243 4330 1350 4398 nioely’:

147 4397 179 4446 do
192 4402 219 4447 at
235 4397 316 4460 onoe,’
328 4413 367 4462 op.
380 4397 447 4448 Phil.
464 4397 492 4446 ii.
508 4400 562 4460 118,
578 4396 725 4453 Quinetiam
776 4411 816 4462 op.
829 4397 979 4460 tethfus'rro,
992 4396 1047 4448 Art.
1059 4396 1112 4447 xiv.
1126 4399 1165 4461 16,
1178 4401 1194 4447 4
1207 4397 1285 4462 (121).
