3044 5002
84 432 88 442 ¹
147 402 213 468 310
408 399 705 506 FRAGMENJA
732 397 1085 465 EPISTOLARUM.

449 611 549 680 XVI.
599 612 655 678 Ex
677 611 852 678 Errenesis
873 610 1043 677 Inonnrrs.

199 755 221 802 1.
239 751 264 800 N
265 767 292 803 ec
303 767 348 816 ego
357 750 421 801 illud
427 750 527 815 quidem
537 748 691 814 aposiopesin
701 764 796 812 semper
805 763 875 810 voco,
885 748 969 813 inquo
979 763 1019 797 res
1028 761 1189 812 quoscunque
1201 739 1372 809 relinquitur

145 833 320 898 intellegendo,
332 839 362 883 ut
372 832 484 898 usquein
493 831 603 897 epistolis
613 831 699 882 Cicero

215 941 303 1008 Dato
316 939 559 1027 Lupercalibus,
575 961 639 1025 quo
655 941 707 1005 die
722 938 888 1004 Antonius
903 937 1053 1015 Gaesari3

198 1070 255 1121 Non
276 1070 343 1120 enim
360 1069 465 1119 obticuit
482 1074 527 1119 cut
546 1067 615 1128 lusit,
635 1067 695 1133 quis
710 1066 776 1117 nihil
794 1067 835 1116 hic
856 1065 924 1116 uliud
941 1063 1052 1129 intellegi
1073 1068 1169 1129 poteret
1189 1076 1272 1128 qnam
1294 1058 1367 1109 hoo:

150 1155 159 1180 ⁴
168 1152 280 1204 ἀὶοᾶοσιο
290 1150 427 1215 imposuit’
461 1149 642 1214 (Quintilianus
652 1148 689 1198 ix.
703 1151 725 1207 3,
739 1148 791 1212 61.)

197 1256 221 1303 2.
240 1251 272 1303 In
282 1251 392 1316 epistolis
403 1250 489 1303 cicero
498 1251 560 1301 bueo
571 1248 643 1300 Bruti
653 1249 730 1300 refert
739 1249 828 1298 verbs:

213 1359 267 1426 Ne
281 1359 331 1425 illi
345 1363 422 1424 sunt
436 1357 541 1445 pedes}
550 1357 646 1424 faceti
661 1379 698 1423 οο
719 1355 841 1423 deliciis
860 1353 1058 1442 ingredienti
1072 1352 1195 1419 molles.
1245 1349 1368 1438 (Idem

150 1464 192 1532 vi.
210 1465 241 1545 3,
257 1463 323 1540 20.)

204 1636 229 1683 ³.
254 1616 423 1683 Piissimus

197 1745 324 1808 vituperat
345 1743 431 1797 Cicero
449 1745 477 1793 in
495 1743 641 1807 Philippicis
665 1743 729 1805 (xiii.
750 1744 808 1808 43);
840 1748 922 1794 temen
943 1742 1022 1805 Csper
1046 1740 1089 1791 ille
1106 1738 1224 1804 magister
1241 1737 1364 1802 Augusti

151 1824 261 1877 (lssssris
278 1825 400 1875 loboravit
418 1824 631 1876 vehementissime
647 1834 673 1877 et
689 1826 720 1876 de
737 1824 848 1889 epistolis
867 1823 991 1874 Ciceronis
1010 1822 1110 1885 collegit
1128 1821 1188 1871 hseo
1205 1820 1296 1880 verbs,
1316 1816 1364 1868 ubi

151 1906 247 1958 dixerut
262 1907 315 1970 ipse
331 1907 416 1958 Cicero
431 1906 629 1971 piissimus.
666 1905 809 1970 (Pompeius
820 1922 846 1969 p.
865 1908 919 1965 132,
933 1903 1037 1953 liudem
1047 1905 1104 1964 =6,
1119 1901 1223 1966 15413.)

200 2052 225 2097 4.
250 2035 346 2098 καίτοι
369 2037 450 2107 τινὲς
478 2036 540 2097 τῶν
570 2034 853 2116 προσποιουμένων
896 2026 1132 2112 δημοσθενίζειν
1163 2029 1359 2112 ἐπιφύονται

150 2140 244 2222 φωνῇ
265 2140 320 2201 τοῦ
345 2139 533 2217 Κικέρωνος,
555 2132 596 2210 ἣν
611 2138 694 2219 πρός
715 2163 785 2201 τινα
799 2138 863 2201 τῶν
885 2135 1015 2217 ἑταίρων
1029 2131 1136 2208 ’έθηκεν
1150 2133 1183 2196 ἐν
1197 2129 1362 2215 ἐπιστολῇ

146 2241 288 2327 γράψας,
309 2242 436 2326 ἐνιαχοῦ
454 2244 518 2307 τῶν
541 2238 651 2327 λόγων
676 2238 908 2315 ἀπονυστάζειν
933 2240 990 2303 τὸν
1015 2233 1212 2320 Δημοσθένη.
1258 2231 1358 2317 (Plu-

147 2341 277 2408 tsrohue
292 2341 358 2408 Oio.
374 2365 400 2407 o.
417 2341 482 2425 24.)

196 2486 231 2537 lit
246 2486 365 2536 labuntur
379 2485 512 2551 aliquando
527 2486 625 2550 (optimi
640 2490 761 2548 suctores)
777 2491 804 2536 et
819 2486 888 2536 onen'
899 2487 991 2536 cedunt
1006 2489 1031 2535 et
1046 2484 1178 2546 indulgent
1192 2482 1359 2548 ingeniorum

148 2584 249 2619 suorum
270 2568 393 2631 voluptati
414 2583 458 2617 nec
481 2583 576 2630 semper
596 2567 729 2618 intendunt
747 2569 867 2630 animum,
892 2582 943 2617 non
964 2582 1099 2631 numquam
1120 2565 1269 2628 fatigentur,
1296 2579 1359 2614 cum

149 2649 261 2702 Ciceroni
278 2649 408 2699 dormitare
423 2649 523 2699 interim
537 2649 726 2709 Demosthenes,
738 2649 844 2699 Horatio
856 2664 914 2699 vem
928 2648 1003 2699 etism
1021 2647 1144 2698 Homerus
1159 2646 1213 2712 ipse
1223 2646 1357 2698 videatur.

148 2731 328 2797 (Quintilianus
338 2747 364 2780 x.
378 2734 400 2792 l,
414 2731 465 2795 24.)

200 2853 223 2902 5.
243 2851 328 2902 Cicero
354 2867 404 2902 non
425 2855 557 2903 eontentus
576 2852 605 2901 in
625 2852 773 2917 quibusdum
794 2850 905 2914 epistolis
926 2849 1059 2914 scripsisse,
1082 2864 1098 2898 ο
1119 2846 1269 2899 satellitibus
1294 2863 1358 2898 eum

152 2933 298 2997 (Gsessrem)
317 2932 345 2981 in
362 2932 504 2983 cubiculum
518 2931 614 2996 regium
632 2934 748 2982 eductum
763 2932 792 2981 in
803 2947 878 2982 aureo
894 2932 958 2982 lecto
976 2940 1045 2981 veste
1061 2945 1185 2995 purpurea
1204 2929 1361 2980 decubuisse

149 3015 282 3080 floremque
292 3015 379 3064 aetatis
395 3031 410 3063 s
426 3013 521 3064 Veners
532 3013 580 3063 orti
596 3014 622 3063 in
640 3014 761 3079 Bithynis
775 3013 976 3074 contaminatum,
994 3014 1117 3078 qnondam
1128 3011 1201 3061 etism
1218 3012 1245 3060 in
1261 3018 1360 3062 senatu

185 3210 274 3257 ml.
287 3208 411 3256 Antonius
423 3205 531 3272 Caesari]
550 3207 617 3257 Such
627 3206 726 3270 ellipses
775 3214 819 3267 est,
843 3208 870 3254 id
886 3212 989 3266 propter
1014 3212 1080 3253 tuam
1102 3207 1209 3253 divinam
1233 3206 1359 3264 pietatm

151 3289 193 3323 are
209 3271 367 3335 frequentin
382 3271 425 3321 the
441 3271 533 3329 letters,
547 3287 595 3335 eg.
612 3275 666 3321 Act.
679 3271 723 3320 xii.
774 3287 860 3320 πονοηι
878 3273 979 3319 inducis.
1013 3268 1146 3332 Pompeius
1159 3274 1246 3332 quotes
1262 3268 1356 3318 differ-

153 3341 178 3398 5,
192 3340 206 3386 3
219 3336 296 3400 (681),
311 3336 416 3384 Tubulus
429 3351 474 3398 quo
490 3339 591 3385 crimine
608 3337 651 3400 (so.
670 3353 725 3385 σοο-
775 3336 900 3400 ently—et
928 3336 970 3384 Ιιοο
994 3336 1171 3396 piissimis
1201 3336 1359 3394 vituperavit

153 3404 275 3451 ἀνιηπσίιιι
287 3401 339 3514 εἰτ’).
777 3403 855 3450 Cicero
873 3404 900 3448 in
922 3401 1088 3460 Philippicis:
1112 3400 1171 3446 dicit
1196 3403 1258 3446 ‘uon
1271 3405 1359 3458 potest

184 3469 209 3516 2.
211 3464 301 3541 saecli]
336 3464 633 3521 hewordsinQuintiliun
642 3464 725 3514 which
771 3469 956 3527 piissimus
980 3467 1028 3512 dici
1045 3479 1092 3525 per
1116 3478 1196 3511 rerum
1212 3464 1354 3512 naturam!

152 3532 253 3594 precede
261 3529 494 3594 tbssquotstionsre
502 3530 582 3579 worth
588 3529 726 3594 quoting-
775 3531 912 3579 Insultobal
922 3532 1031 3578 Antonio
1042 3532 1049 3556 ‘
1060 3529 1107 3577 Tu'
1122 3532 1157 3576 ait
1171 3533 1250 3576 ‘utere
1260 3543 1359 3588 semper

143 3596 724 3658 saeelumquoquenontantumcirsaridicula
775 3593 1105 3654 incolumissima)
1142 3593 1168 3641 It
1179 3593 1293 3642 doesnot
1304 3608 1354 3655 sp-

152 3662 236 3721 opinor
252 3663 393 3708 consistere:
410 3675 483 3721 neque
498 3663 561 3708 enim
575 3663 661 3708 diceret
671 3661 724 3708 Ηο-
774 3675 833 3722 peor
849 3659 877 3708 in
895 3675 946 3722 any
963 3661 991 3708 oi
1007 3659 1051 3708 the
1071 3657 1215 3707 Ciceronian
1236 3656 1357 3721 writings

151 3723 726 3790 ratius[Sst.i.10,44],sacetumcarminis
775 3724 857 3774 which
877 3740 915 3773 we
932 3738 1036 3786 possess.
1071 3723 1098 3771 lt
1113 3723 1135 3771 is
1153 3722 1300 3771 introduced
1317 3721 1357 3786 by

150 3805 224 3853 penus
233 3795 324 3837 natura
334 3805 464 3837 eosoessum
474 3805 522 3837 esse
536 3791 648 3852 Verqib'o.
676 3791 725 3838 De·
776 3789 863 3852 Haupt
884 3788 938 3838 into
959 3788 1049 3837 Cotrrll.
1069 3789 1141 3836 xxix.
1161 3790 1192 3837 23
1208 3786 1267 3848 (Qu.
1292 3787 1357 3836 resd

152 3857 213 3903 coris
240 3853 301 3901 bono
327 3856 404 3916 mapis
428 3860 452 3901 et
471 3856 576 3903 excultae
602 3855 725 3903 euisudam
774 3854 844 3903 there
854 3855 1000 3918 potissimi).
1034 3851 1220 3902 Itisoommon
1234 3851 1261 3899 in
1279 3857 1353 3912 post·

148 3921 281 3981 slepantiae
296 3921 476 3979 appellationem
491 3925 567 3980 puto:
587 3921 682 3983 ideoque
698 3921 725 3967 in
775 3919 906 3981 Augustan
923 3917 1027 3977 writers,
1047 3933 1097 3980 eg.
1120 3916 1206 3965 Senec.
1229 3917 1352 3966 controv.

149 3984 266 4046 epistolis,
279 3983 323 4032 ἀο.
773 3983 811 4032 ix.
826 3985 865 4044 27,
881 3986 926 4042 14;
947 3981 1046 4031 Consol.
1064 3983 1095 4031 sd
1106 3980 1195 4045 Polyb.
1209 3982 1222 4033 7
1242 3980 1304 4044 (26),
1316 3985 1331 4029 4
1343 3996 1352 4041 ;

183 4049 262 4096 miles
309 4045 504 4096 SoBsdiussnd
517 4047 601 4109 Helm,
615 4047 723 4098 formoi·
774 4047 833 4097 Tsc.
857 4050 916 4111 Agr.
942 4050 989 4096 43:
1017 4063 1056 4110 cp.
1077 4045 1288 4110 Neue-ngener
1311 4044 1352 4096 ii⁸.

154 4113 201 4161 lius
217 4111 244 4162 oi
259 4119 271 4161 t
290 4127 375 4168 ense,
395 4112 451 4161 ‘his
470 4112 521 4162 ieet
539 4128 580 4163 ure
595 4113 725 4176 cborming
775 4114 867 4162 204-5.

151 4176 201 4226 end
223 4191 294 4227 mors
315 4177 393 4241 soitly
415 4193 442 4226 ss
463 4177 496 4227 he
514 4177 593 4227 walks
616 4177 724 4242 dsintily
806 4182 830 4226 4.
851 4174 1074 4241 ἐπιφύονται]
1133 4175 1233 4224 ‘fasten
1259 4175 1352 4237 upon,’

150 4241 243 4304 along!
777 4241 895 4292 ‘sttecb'
930 4241 981 4291 For
1000 4241 1100 4303 copious
1117 4240 1242 4303 exemplos
1259 4240 1287 4289 ol
1308 4239 1353 4290 tho

186 4309 209 4355 3.
221 4304 379 4371 Philippicis]
399 4305 725 4368 112143,Tupormmplos
774 4323 819 4356 use
840 4307 867 4355 ot
884 4305 935 4355 this
954 4306 1022 4355 word
1043 4305 1071 4354 in
1088 4302 1216 4366 Plutarch,
1240 4320 1281 4354 see
1305 4303 1352 4354 Dr.

156 4373 249 4433 quidem
267 4373 308 4419 sed
319 4373 471 4432 piissimos
488 4373 592 4433 qumis,
611 4378 641 4432 st,
662 4372 725 4433 quod
774 4370 898 4421 Holden’s
909 4376 968 4420 note
978 4377 1004 4420 to
1016 4370 1084 4419 Plut.
1098 4370 1192 4432 Nicias,
1208 4372 1246 4431 10,
1259 4371 1282 4417 3.

151 4435 245 4485 oerbms
263 4439 356 4485 omnino
374 4437 467 4485 nullum
484 4437 511 4484 in
530 4437 614 4500 linqua
632 4436 724 4485 Latina
806 4434 923 4501 Horatio]
957 4436 988 4486 A.
1001 4434 1031 4486 P.
1045 4437 1101 4485 ³59.
