3022 5444
434 429 621 496 DCCCLX
631 429 733 498 VIII.
760 430 911 514 (BRUT.
937 430 966 494 l.
992 430 1038 510 7).
1274 426 1333 491 171

126 614 259 701 quidem
293 616 389 684 valde
417 640 619 703 rogo-nam
649 618 820 685 Achilleus
849 623 959 684 noster
989 640 1054 682 non
1087 615 1205 693 minua,
1237 634 1339 698 quam

127 739 267 802 aequum
282 724 340 799 est,
356 720 536 802 laborat-7
553 722 672 808 eripias
687 745 762 787 eum
777 744 819 786 ex
841 720 987 787 custodia
1001 739 1252 802 conservesque:
1277 714 1339 781 hoo

127 842 187 907 ego
204 822 246 887 ad
262 844 371 888 meum
387 825 527 890 officium
544 827 745 910 privatarum
761 847 870 890 rerum
886 847 987 909 aeque
1008 835 1105 907 atque
1120 822 1222 885 ullam
1238 818 1338 883 aliam

126 946 193 989 rem
203 927 365 1009 pertinere
376 927 525 994 arbitror.
550 930 581 994 3.
599 927 683 994 Cum
694 928 754 994 has
766 931 808 993 ad
819 932 852 993 te
864 927 1036 993 scriberem
1046 926 1207 1002 litteras‚a
1216 920 1338 1000 Satrio,

126 1026 235 1111 legato
251 1027 287 1092 C.
300 1029 466 1110 Trebonii,
482 1033 612 1097 reddita
636 1036 684 1097 est
705 1032 843 1117 epistola
857 1030 948 1108 mihi,
971 1054 990 1096 a
1010 1030 1110 1095 Tillio
1131 1034 1164 1093 et
1179 1026 1339 1091 Deiotaro

127 1127 335 1196 Dolabellam
365 1156 493 1199 caesum
521 1135 740 1224 fugatumque
767 1157 855 1199 esse:
891 1133 1048 1199 Graecam
1074 1130 1245 1217 epistolam
1277 1125 1342 1192 tibi

125 1230 199 1296 misi
215 1231 349 1300 Cicereii
365 1236 534 1302 cuiusdam
558 1239 600 1301 ad
615 1235 761 1302 Satrium
775 1237 918 1301 missam.
966 1242 996 1300 4.
1021 1234 1157 1300 Flavius
1171 1237 1281 1296 noster
1298 1231 1339 1295 de

125 1338 353 1418 controversia,
369 1361 468 1424 qnam
485 1340 582 1406 hahet
599 1363 671 1406 cum
688 1339 928 1425 Dyrrhachinis
943 1338 1183 1414 hereditariam,
1197 1334 1338 1419 sumpsit

125 1440 159 1502 te
173 1437 333 1507 iudicem:
356 1465 436 1530 rogo
452 1449 495 1523 te,
508 1444 629 1523 Cicero,
646 1450 679 1510 et
694 1443 830 1509 Flavius
846 1446 951 1530 rogat,
966 1465 1034 1507 rem
1050 1440 1209 1507 conficias.
1242 1436 1335 1508 Quin

126 1540 166 1617 ei,
183 1541 240 1626 qui
255 1542 409 1612 Flavium
428 1547 505 1613 fecit
526 1547 690 1626 heredem,
705 1547 878 1634 pecuniam
900 1544 1049 1612 debuerit
1065 1545 1188 1622 civitas,
1204 1563 1270 1605 non
1286 1544 1335 1606 est

125 1643 272 1727 dubium,
304 1672 409 1734 neque
439 1649 661 1736 Dyrrhachini
690 1651 886 1731 infitiantur,
917 1651 974 1717 sed
1004 1648 1066 1714 sibi
1096 1649 1254 1712 donatum
1280 1663 1335 1708 aes

125 1747 269 1814 alienum
293 1774 311 1816 a
334 1752 470 1821 Caesare
491 1754 623 1820 dieunt:
648 1755 716 1820 noli
737 1754 808 1840 pati
829 1777 848 1819 a
871 1753 1056 1819 necessariis
1071 1751 1137 1816 tuis
1156 1746 1336 1815 necessario

125 1871 197 1917 meo
216 1854 373 1922 iniuriam
399 1858 479 1924 fieri.
525 1880 617 1925 xlm.
641 1857 686 1924 K.
710 1858 825 1923 Iunias
851 1881 892 1923 ex
917 1856 1028 1923 castris
1054 1855 1222 1920 adimam
1249 1850 1335 1917 Can·

123 1956 263 2023 dariam.

201 2341 491 2413 DCCCLXVlll.
537 2345 730 2413 BRUTUS
757 2347 816 2412 ΤΟ
840 2343 1011 2412 CICERO
1037 2343 1160 2422 (Bnnn.
1178 2364 1201 2407 ι.
1219 2342 1257 2425 1).

125 2553 322 2598 srscnnonm
334 2533 397 2620 (Ρ),
426 2555 536 2600 sarna
551 2556 624 2600 usn
639 2554 691 2613 1ος
719 2556 750 2600 s.
764 2556 797 2600 n.
811 2557 838 2600 c.
856 2553 923 2612 711;
955 2554 986 2597 n.
998 2553 1026 2597 o.
1039 2550 1091 2609 4³3
1119 2551 1195 2594 aar.
1212 2547 1273 2593 cro.
1290 2546 1333 2593 es.

174 2717 267 2768 Brutus
284 2718 428 2770 Ciceronem
444 2727 516 2786 rogat
532 2728 561 2773 nt
579 2721 698 2772 Bibulum
708 2721 736 2772 in
753 2721 849 2771 Pansae
864 2721 947 2770 locum
964 2717 1084 2779 nominet,
1098 2722 1123 2768 ct
1138 2716 1168 2766 de
1180 2713 1293 2764 Domitio
1308 2721 1335 2763 et

124 2799 247 2863 Appuleio
258 2800 352 2850 scribit.

507 2926 652 2982 BRUTUS
671 2926 847 2982 CICERONI
865 2925 944 2979 SAL.

191 3065 221 3130 l.
245 3063 286 3130 L.
317 3063 458 3132 Bibulus
487 3091 584 3153 quam
615 3091 708 3134 carna
736 3069 819 3135 mihi
844 3090 912 3135 essa
941 3067 1067 3146 debeat,
1092 3086 1188 3132 nemo
1215 3063 1333 3130 melius

125 3166 268 3234 iudicare
291 3175 397 3255 potest
417 3192 516 3256 quam
536 3178 584 3252 tu,
599 3173 691 3237 cuius
706 3177 817 3238 tantae
832 3194 890 3259 pro
910 3194 945 3236 re
965 3170 1096 3256 publica
1110 3167 1335 3235 contentiones

155 3361 188 3408 nd
209 3376 284 3408 rreum
306 3363 405 3422 fficium
429 3364 585 3421 privatarum
607 3360 700 3427 rerum]
752 3359 955 3425 Dyrrhachium:
975 3375 1015 3422 cp.
1035 3359 1105 3407 Fam.
1124 3356 1176 3406 xiv.
1191 3359 1215 3417 1,
1230 3356 1244 3408 7
1259 3356 1330 3419 (82);

124 3431 131 3453 ⁶
142 3432 167 3474 10
178 3442 221 3488 my
233 3427 296 3488 duty
308 3425 334 3473 in
346 3426 444 3489 private
455 3425 577 3475 matters.’
753 3429 777 3486 3,
789 3430 804 3473 4
818 3428 877 3488 (81),
896 3426 944 3473 and
958 3423 1092 3488 especially
1104 3422 1189 3471 Plane.
1204 3423 1245 3484 97,
1263 3423 1334 3482 Dyr-

157 3494 180 3537 3.
199 3490 454 3539 haccdtercrr'berem
472 3490 578 3556 litteras]
613 3489 702 3555 Meyer
752 3492 879 3538 rlrrclrmn
891 3493 1017 3551 quoderat
1028 3489 1178 3550 increafidc.

123 3555 158 3618 (p.
174 3557 228 3617 109)
242 3570 299 3616 says
311 3554 366 3603 that
378 3555 463 3604 Cicero
480 3556 537 3604 does
549 3563 593 3605 not
605 3572 647 3605 use
658 3557 702 3605 the
784 3555 856 3620 xiiii]
891 3557 937 3603 See
948 3554 1040 3602 introd.
1054 3560 1119 3602 note.

122 3618 265 3681 expression
284 3620 327 3666 bas
344 3621 444 3667 scribere
462 3621 565 3682 litteras,
584 3621 630 3669 but
646 3622 702 3669 baec
786 3622 857 3667 imam
872 3616 1028 3682 Candaeiam]
1063 3615 1268 3666 amountniuous
1279 3613 1332 3663 dis·

122 3685 230 3733 scribere.
752 3683 812 3733 tries
823 3698 855 3732 on
866 3683 909 3733 the
921 3683 1021 3732 bordera
1036 3682 1063 3730 ot
1080 3680 1172 3743 Epirus
1182 3680 1233 3728 and
1245 3676 1331 3727 Mace·

157 3745 251 3811 Satrio]
286 3746 401 3810 Nothing
417 3747 439 3795 ia
456 3747 548 3797 known
565 3749 593 3797 of
605 3748 702 3800 Satrius
752 3749 836 3797 donia.
872 3747 958 3797 Cicero
974 3746 1062 3808 hardly
1078 3759 1204 3794 everuses
1218 3741 1334 3791 imusfcr

123 3831 151 3862 or
163 3811 287 3862 Cicereius
299 3823 388 3873 except
400 3810 467 3860 what
478 3811 499 3862 is
510 3812 604 3862 related
615 3813 684 3863 here.
753 3815 858 3875 infimus,
872 3818 914 3875 yet
926 3827 965 3873 cp.
978 3811 1052 3858 Rosc.
1066 3810 1134 3858 Com.
1150 3812 1190 3856 20.
1227 3808 1252 3855 11
1263 3807 1334 3856 often

160 3876 246 3942 Tillio]
280 3877 322 3926 i.c.
336 3876 427 3925 Tillius
443 3876 550 3934 Cimber,
563 3893 610 3928 one
621 3877 649 3928 of
659 3879 702 3929 the
753 3891 840 3926 occurs
856 3876 883 3925 in
895 3874 1051 3933 Cornificius,
1061 3889 1110 3936 eg.
1127 3874 1159 3921 ad
1171 3871 1283 3921 Herenn.
1296 3871 1332 3920 iii.

121 3944 296 4005 conspiratam,
316 3941 372 3991 who
391 3957 442 3991 was
464 3957 521 3991 now
538 3958 660 4004 governor
675 3943 704 3994 ot
755 3943 794 3998 25,
809 3944 855 4000 30;
875 3941 910 3989 iv.
923 3942 971 3996 45;
990 3939 1042 3988 also
1058 3938 1086 3988 iu
1102 3937 1192 3988 Caesar
1203 3935 1279 4000 B.,c.
1293 3935 1331 3985 iii.

124 4008 245 4071 Bithynia
259 4006 317 4069 (Dio
330 4007 398 4055 Cass.
413 4006 484 4055 xlvii.
499 4009 538 4064 31,
556 4009 587 4066 1).
757 4010 795 4068 19,
809 4011 838 4066 1;
857 4006 892 4057 iv.
909 4007 947 4067 17,
963 4008 986 4053 3.

156 4078 179 4120 4.
200 4070 311 4136 Flavius]
346 4070 387 4121 He
400 4087 450 4121 was
459 4071 703 4136 praesectursabrum

125 4137 152 4187 ot
169 4138 277 4185 Brutus:
296 4152 335 4198 cp.
350 4138 407 4194 860,
421 4139 444 4185 3.
479 4136 521 4186 He
537 4137 583 4186 fell
599 4144 626 4187 at
642 4137 703 4187 Plri-
787 4135 841 4185 'l'he
853 4138 909 4184 dcte
920 4133 948 4184 of
963 4133 1013 4184 thir
1029 4133 1103 4183 letter
1119 4137 1210 4183 cannot
1226 4130 1257 4181 be
1268 4130 1336 4180 fixed

124 4202 195 4264 lippi,
209 4209 235 4251 10
251 4201 294 4251 tbe
311 4203 372 4265 deep
389 4200 456 4265 grief
469 4201 497 4251 of
514 4200 615 4260 Brutus,
634 4201 702 4253 Plut.
754 4200 818 4249 with
834 4216 886 4264 any
906 4200 1039 4263 cenninty.
1074 4199 1101 4249 It
1118 4214 1170 4248 was
1189 4196 1254 4246 after
1273 4194 1336 4259 May

126 4266 154 4315 Br
162 4273 197 4315 nt.
212 4269 252 4315 61.
755 4266 823 4327 aoth,
839 4266 882 4315 the
893 4266 949 4314 date
960 4263 988 4314 of
999 4265 1056 4324 ⁸67,
1069 4264 1120 4313 and
1136 4262 1221 4312 before
1232 4261 1275 4311 the
1287 4261 1335 4309 end

157 4334 198 4380 scd
218 4331 264 4378 ribi
288 4367 295 4380 .
315 4367 322 4381 .
342 4367 349 4381 .
373 4331 470 4397 dicunt]
504 4347 537 4380 an
564 4330 703 4382 occidental
753 4330 781 4379 01
801 4330 877 4390 June,
896 4330 1001 4380 because
1023 4329 1109 4379 Cicero
1131 4341 1242 4379 answers
1263 4327 1335 4376 iton

123 4395 275 4445 hexameter.
753 4395 816 4460 luly
830 4400 859 4444 11
872 4396 939 4458 (913,
956 4396 990 4459 1).

157 4459 306 4525 rreceaacrir'a]
342 4459 428 4511 Cicero
455 4475 507 4510 was
534 4466 653 4523 patronus
675 4460 702 4512 ot
788 4464 810 4509 l.
830 4462 860 4509 J..
878 4459 994 4524 Bibulus]
1028 4457 1117 4524 Meyer
1134 4459 1169 4521 (p.
1183 4457 1224 4520 69)
1244 4469 1335 4520 argues
