3022 5444
444 398 743 465 DOOOLXXHI.
770 398 922 482 (BnUt’.
946 400 977 465 I.
1000 402 1048 479 1).
1283 405 1346 468 179

138 585 180 649 sd
195 583 360 670 Lepidum
375 607 446 650 sum
458 608 545 651 usus.
577 585 732 651 Amisum
747 608 822 650 eum
838 586 886 650 rei
901 585 1049 670 publioae
1064 610 1218 675 cognosse
1227 589 1347 669 videor,

137 685 341 773 libenterque
358 688 388 754 ei
408 710 479 753 sum
495 690 680 754 testimonio
701 693 735 753 et
750 687 901 753 omnibus
921 711 984 768 ero,
1001 690 1058 776 qui
1073 690 1155 757 bene
1170 698 1347 760 merentur.

138 789 207 855 Fan
221 792 329 857 velens
348 814 465 878 meque
479 797 595 859 mutuo
616 792 736 877 diligas
756 791 1016 877 dignitatemque
1036 816 1152 875 meam,
1169 797 1197 863 si
1212 818 1346 877 mereor,

137 895 269 972 tuearis,
286 897 368 961 siout
384 895 491 960 adhue
506 894 667 981 singulari
682 917 755 960 oum
771 894 998 960 benevolentia
1013 896 1128 964 ieoisti.

212 1279 502 1346 DCCCLXXIII.
550 1278 719 1346 olomeo
743 1280 801 1346 ΤΟ
825 1281 1017 1348 BRUTUS
1041 1282 1163 1367 (Bsus.
1188 1306 1210 1351 1.
1237 1290 1273 1370 1).

182 1488 295 1546 noum
332 1487 451 1534 nesso
471 1467 631 1554 (ssour);
664 1488 696 1533 s.
715 1489 748 1533 u.
767 1487 882 1549 c.711;
916 1490 1061 1551 s.o.4s;
1089 1493 1165 1537 sss.
1183 1494 1244 1538 c1c.
1261 1493 1302 1542 ss.

186 1654 225 1704 De
251 1655 282 1705 1..
303 1654 386 1705 clodii
408 1654 467 1706 trib.
496 1655 531 1720 pl.
559 1654 682 1721 singulari
703 1661 729 1706 et
751 1655 854 1722 eognito
875 1656 903 1707 in
922 1673 949 1708 se
969 1657 1126 1726 Brutumque
1148 1676 1230 1712 amore
1249 1667 1275 1714 st
1296 1661 1346 1715 fids

135 1743 250 1788 soourats
266 1737 353 1788 scribit
370 1737 464 1788 Cicero.

556 1877 689 1934 CICERO
707 1878 830 1932 BRUTO
849 1878 929 1934 SAL.
1023 1833 1027 1841 ι

203 2028 232 2091 1.
257 2026 297 2091 L.
315 2024 459 2104 Clodius,
475 2024 626 2091 tribunus
642 2023 745 2109 plebis
760 2025 960 2111 designatus,
978 2028 1072 2093 valde
1088 2051 1140 2094 me
1155 2028 1267 2116 diligit
1282 2033 1346 2111 vel,

136 2135 173 2196 ut
196 2131 442 2217 ἐμφατικώτερον
462 2127 579 2207 diesm,
595 2128 691 2193 valde
712 2150 765 2192 me
789 2133 899 2193 emat:
925 2130 1011 2214 quod
1027 2153 1101 2195 oum
1116 2131 1198 2196 mihi
1213 2133 1260 2198 its
1274 2155 1346 2219 per-

136 2255 266 2299 suasum
282 2233 335 2310 sit,
351 2253 417 2295 non
430 2229 670 2295 dubito-bene
686 2231 774 2295 enim
789 2254 841 2294 me
856 2232 996 2312 nosti-,
1012 2233 1092 2317 quin
1107 2233 1202 2300 illum
1217 2258 1347 2323 quoque
1369 2267 1372 2274 ·

136 2337 258 2402 iudioes
273 2357 293 2398 a
306 2357 360 2399 me
376 2333 479 2398 umeri
488 2357 497 2412 ;
521 2333 605 2398 nihil
621 2333 709 2398 enim
725 2334 806 2398 mihi
821 2334 931 2399 minus
946 2334 1087 2402 hominis
1103 2336 1231 2404 videtur
1246 2363 1345 2426 quam

134 2461 201 2505 non
228 2439 420 2523 respondere
442 2436 477 2501 in
499 2458 607 2503 amore
628 2437 678 2516 iis,
698 2436 851 2521 aquibus
865 2458 1046 2522 provenere.
1092 2437 1128 2504 Is
1152 2441 1236 2507 mihi
1256 2445 1345 2512 visus

134 2547 183 2609 est
197 2541 362 2627 suspiesri,
378 2563 438 2605 neo
452 2539 522 2605 sine
537 2561 657 2625 megno
677 2540 809 2625 quidem
829 2540 948 2620 doloro,
965 2541 1089 2625 aliquid
1105 2565 1124 2607 s
1139 2544 1205 2610 suis
1220 2547 1272 2612 vel
1286 2570 1346 2635 per

134 2670 208 2712 snos
222 2645 333 2732 potius
347 2644 475 2728 iniquos
491 2643 532 2707 ad
554 2649 586 2708 te
601 2665 668 2707 esse
692 2643 848 2723 delatum,
863 2665 928 2728 qno
944 2651 1020 2710 tuus
1034 2645 1198 2713 animuss
1212 2672 1245 2715 se
1261 2657 1343 2719 esset

71 2810 76 2818 .
133 2752 278 2816 alienior.
324 2748 403 2813 Non
428 2746 523 2825 soleo,
548 2745 594 2811 mi
620 2744 735 2827 Brute,
759 2748 846 2832 quod
871 2746 934 2813 tibi
959 2753 1075 2814 notum
1102 2773 1169 2816 esse
1192 2752 1342 2839 arbitror,

165 2943 193 2989 de
215 2940 293 2987 tribea
310 2935 439 3000 fratribus
461 2932 603 2998 Segaviano]
648 2932 710 2983 This
759 2939 830 2984 tenes
848 2935 870 2983 is
888 2936 980 2997 quoted
999 2935 1034 3001 by
1053 2935 1151 2987 Nonius
1169 2939 1236 3002 (421,
1255 2943 1295 3007 31)
1315 2951 1343 2995 to

132 3020 234 3068 passage
246 3009 337 3051 onnuot
348 3001 379 3049 be
390 2999 499 3048 restored
510 2998 618 3048 without
628 2997 711 3048 better
759 2999 829 3048 show
849 3000 892 3049 the
909 3000 1044 3051 ditioreuae
1062 3002 1174 3052 between
1194 3020 1276 3055 amare
1291 3011 1341 3060 sud

132 3086 187 3131 uss,
206 3084 235 3119 or
251 3082 318 3117 some
335 3081 402 3114 more
419 3061 579 3112 informetion
597 3062 660 3112 then
672 3079 710 3113 we
759 3066 867 3124 diligere.
905 3064 1007 3115 ‘Cicero
1025 3066 1058 3115 ad
1081 3065 1188 3117 Brutum
1204 3072 1239 3119 sie
1261 3075 1342 3136 uitur

132 3146 157 3184 nt
172 3141 273 3198 present
288 3145 393 3195 possess.
428 3128 490 3178 Two
507 3127 638 3191 ingenious
656 3143 708 3178 cor·
753 3129 834 3191 facies
845 3136 867 3176 et
883 3144 920 3177 me
931 3136 975 3178 sut
991 3131 1083 3179 amalis
1095 3139 1146 3194 aut,
1160 3149 1206 3195 qus
1217 3144 1342 3189 contentus

132 3201 238 3250 sections
250 3198 314 3248 hsvs
325 3196 389 3246 been
400 3193 541 3258 suggested,
554 3207 601 3242 one
612 3192 668 3243 that
683 3193 712 3241 ol
759 3208 819 3249 sum,
830 3196 933 3256 diliges:
948 3194 1026 3244 stlib.
1036 3194 1102 3245 viii:
1116 3197 1337 3265 intulissemus,

131 3265 217 3326 Orelli,
231 3266 262 3314 L.
278 3263 371 3312 Gellius
383 3261 416 3308 D.
429 3259 458 3307 F.
472 3259 502 3320 (=
519 3256 616 3307 Deoimi
631 3256 709 3320 filius)
761 3258 871 3306 tribunus
883 3258 962 3319 pletis
972 3261 1117 3324 designatus,
1133 3264 1202 3311 ualde
1212 3268 1339 3332 medils'yil

132 3332 196 3379 trihu
209 3329 267 3379 Fal.
282 3329 312 3391 (=
330 3324 417 3387 Fabia)
438 3323 582 3386 Segestanus
598 3321 707 3379 (inhabi·
759 3323 804 3383 sel,
817 3330 844 3370 ut
855 3326 1024 3384 enlilieoleress
1032 3327 1118 3386 disum,
1128 3328 1196 3376 ealda
1204 3345 1240 3377 me
1251 3334 1338 3384 amet!

131 3402 186 3444 tasut
213 3395 241 3443 of
269 3391 385 3456 Segovia,
407 3405 422 3439 s
443 3393 513 3438 town
534 3386 562 3436 in
584 3386 709 3449 Hispanis
759 3386 821 3435 This
841 3386 942 3437 Clodius
955 3389 977 3437 is
995 3388 1039 3438 tha
1054 3405 1121 3439 ssme
1137 3407 1194 3441 man
1212 3394 1268 3445 who
1286 3414 1338 3448 ress

131 3457 341 3517 Tarraconensis),
372 3469 400 3502 or
428 3453 527 3513 &posia
557 3451 597 3566 (ἱ
620 3452 709 3500 ‘from
754 3451 893 3511 praefectus
913 3453 1017 3515 salsum
1043 3453 1072 3503 ol
1093 3455 1190 3518 Appius
1218 3458 1337 3512 Claudius

132 3525 237 3586 Segovia
247 3524 283 3586 '):
302 3521 345 3569 the
362 3517 432 3567 other
447 3516 503 3566 thet
519 3515 547 3565 oi
589 3515 656 3581 leyu,
674 3517 705 3565 B.
758 3515 873 3571 Pulcher,
892 3515 963 3566 Fam.
981 3516 1018 3566 iii.
1034 3522 1056 3577 4,
1078 3521 1088 3566 l
1109 3520 1193 3583 (194);
1212 3525 1261 3572 and
1278 3542 1335 3588 9¹0·

133 3589 263 3637 Gelliusde
280 3585 358 3634 tribus
374 3581 501 3646 fratribus
518 3581 545 3630 S.
564 3583 598 3629 A.
614 3583 639 3629 e‘.
654 3579 705 3642 (ί.ο.
757 3580 834 3643 bubly
854 3579 897 3629 the
915 3581 1016 3631 Clodius
1035 3582 1093 3631 who
1111 3599 1214 3646 appesrs
1233 3586 1261 3636 in
1280 3591 1335 3640 Ati.

131 3654 213 3708 Sexto.
227 3647 383 3711 Aulo‚Guio)
394 3647 518 3694 Asianis:
537 3660 576 3707 op.
590 3645 660 3694 Fam.
671 3643 706 3693 ix.
757 3643 807 3692 xii.
827 3647 857 3692 30
876 3646 960 3708 (667);
984 3661 1026 3694 xv.
1052 3649 1090 3704 13,
1111 3650 1125 3695 3
1145 3651 1222 3712 (791).
1258 3653 1336 3705 cobet

131 3724 170 3778 21,
185 3721 199 3767 3
218 3718 296 3780 (668),
319 3715 376 3762 Tres
393 3712 433 3759 illi
446 3709 545 3770 ssnlres
557 3709 662 3772 suerunt
680 3710 705 3757 0.
757 3709 807 3756 and
825 3708 913 3772 Meyer
928 3725 1033 3772 suppose
1049 3709 1102 3759 him
1119 3717 1145 3761 to
1156 3713 1187 3761 bs
1203 3715 1246 3764 the
1258 3717 1336 3769 Gaius

131 3788 174 3832 Ces.
199 3784 237 3831 ss.
264 3780 387 3830 Castores.
434 3774 564 3823 Gitlbauer
589 3774 625 3835 (p.
653 3773 705 3835 91),
758 3772 859 3821 Clodius
881 3773 938 3822 who
957 3773 979 3822 is
998 3775 1139 3824 mentioned
1159 3776 1253 3842 shortly
1270 3781 1337 3833 after

127 3863 243 3912 proposes
257 3848 285 3894 de
302 3843 380 3891 trihus
392 3839 546 3900 fratribusse
556 3840 705 3901 segregando,
757 3836 809 3885 this
819 3837 880 3886 time
892 3837 960 3899 (Dio.
972 3837 1041 3886 Cass.
1054 3838 1126 3888 xlvii.
1138 3842 1178 3899 24,
1187 3842 1211 3904 t)
1222 3859 1249 3892 ss
1260 3844 1336 3910 being

131 3913 212 3961 which
224 3912 246 3960 i„
256 3905 397 3959 attractiva.
756 3901 783 3950 in
796 3902 838 3950 the
850 3901 943 3951 servios
954 3901 982 3951 of
992 3902 1093 3952 Bmtus.
1120 3903 1169 3953 But
1179 3905 1206 3954 in
1217 3907 1336 3962 thstesss

161 3973 306 4038 testimonie]
324 3966 537 4021 Prsdicatirsdat.
548 3982 586 4030 op.
594 3965 706 4015 Attriii.
757 3982 796 4015 we
807 3967 896 4015 should
908 3966 971 4017 heve
982 3972 1009 4015 to
1020 3982 1125 4028 suppose
1136 3968 1172 4031 (1)
1184 3985 1216 4019 su
1230 3987 1298 4024 error
1308 3978 1334 4027 in

131 4045 191 4103 120,
212 4046 221 4089 l
243 4041 321 4102 (329),
335 4040 373 4084 eui
389 4038 424 4083 rei
437 4034 570 4080 testimonio
588 4037 645 4079 sunt
661 4033 704 4080 lit·
758 4030 800 4080 the
819 4045 968 4093 prenomsn;
987 4031 1023 4093 (l)
1034 4030 1090 4080 that
1102 4031 1196 4083 Brutus
1207 4043 1336 4092 sntrustsd

129 4114 199 4166 teras,
225 4105 273 4153 sud
306 4099 450 4165 frequently
477 4096 505 4146 in
533 4093 640 4146 Cicero:
664 4111 705 4146 sss
758 4096 786 4144 0.
800 4096 923 4144 Antonius
939 4101 966 4144 to
982 4096 1025 4145 the
1041 4095 1265 4160 ohurgeossman
1279 4105 1336 4157 who

127 4171 209 4234 Robqq
222 4168 271 4219 vol,
286 4167 322 4227 ii„
336 4183 361 4230 p,
373 4165 419 4215 liv.
755 4176 809 4274 qus
821 4161 899 4208 under
910 4160 1077 4210 considerable
1093 4161 1243 4227 obligations
1254 4172 1281 4218 to
1291 4170 1336 4222 the

779 4224 869 4273 ntonii.

162 4299 216 4350 The
232 4299 290 4348 date
301 4297 329 4346 of
344 4294 394 4345 this
408 4289 514 4342 letteris
530 4289 596 4340 fixed
606 4290 640 4354 by
650 4288 707 4340 that
789 4288 898 4354 iniquos]
932 4288 1018 4338 Oiosro
1034 4288 1200 4359 ooossiouslly
1211 4310 1268 4347 uses
1284 4300 1337 4350 thie

125 4364 219 4416 01874,
756 4355 825 4403 word
843 4353 883 4404 lor
901 4356 1026 4403 inimieoe:
1043 4371 1082 4418 op.
1105 4356 1176 4407 Fsm.
1197 4359 1233 4410 xi.
1258 4365 1298 4425 27,
1322 4369 1335 4419 7

163 4434 184 4477 1.
206 4431 235 4476 L.
258 4428 376 4476 Clodius.
397 4461 403 4473 .
423 4419 526 4487 ΛΜ]
568 4417 630 4469 This
651 4433 706 4468 sen·
755 4418 834 4483 (784).

1152 4502 1205 4554 Na
