3022 5444
460 416 694 486 noceres.
721 418 844 504 (rare
868 420 914 485 r.
938 422 1004 504 aa).
1274 417 1340 482 eu

132 599 248 668 Habes
262 603 522 670 amantissimum
537 603 587 668 tui
603 602 774 670 Servium:
797 625 857 671 nos
875 627 941 671 non
956 606 1117 670 desumus.
1165 624 1241 668 vrri.
1258 601 1345 669 Idus

131 701 254 770 Iunias.

217 1132 441 1201 DCCCXCV.
488 1133 707 1202 PLANCUS
730 1135 790 1201 ΤΟ
814 1135 985 1203 CICERO
1012 1099 1116 1221 (Fau.
1141 1157 1173 1201 x.
1193 1138 1251 1221 aa).

262 1343 392 1389 conseo
403 1347 412 1405 ;
435 1345 525 1390 suus
541 1346 556 1392 c
567 1348 575 1405 ;
602 1346 680 1390 ao.
692 1347 719 1390 c.
734 1344 804 1405 7113
829 1347 859 1389 n.
873 1346 900 1390 c.
912 1345 966 1405 ⁴³3
995 1346 1071 1390 aar.
1088 1346 1149 1390 cic.
1167 1343 1208 1392 ea.

180 1509 210 1557 L.
234 1508 342 1559 Plancus
360 1518 464 1561 excusat
483 1527 519 1573 ee,
539 1512 605 1576 quod
630 1510 726 1574 Lepido
746 1510 891 1562 crediderit:
917 1516 1019 1575 eccepto
1037 1511 1068 1562 de
1086 1510 1176 1575 Lepidi
1193 1516 1219 1561 et
1236 1511 1341 1561 Antonii

128 1588 305 1640 coniunctione
317 1591 415 1653 nuntio,
434 1607 492 1641 suas
509 1591 592 1657 copias
608 1592 741 1643 retraxisse
757 1592 896 1657 significat:
916 1592 1039 1644 auxilium
1056 1591 1180 1644 exercitus
1197 1590 1341 1643 Caesariani

128 1670 246 1733 postulet.

548 1812 716 1868 PLANCUS
734 1813 917 1869 CICERONI.

197 1960 226 2024 1.
252 1958 445 2045 Numquam
469 1961 677 2041 mehercules,
701 1962 749 2026 mi
774 1960 896 2041 Cicero,
921 1984 973 2027 me
995 1960 1176 2047 paenitebit
1197 1959 1341 2026 maxima

128 2059 273 2145 pericula
293 2084 352 2146 pro
375 2062 483 2148 patria
505 2063 622 2144 subire,
644 2065 733 2144 dum,
755 2065 783 2129 si
805 2064 885 2149 quid
907 2065 1060 2131 acciderit
1079 2063 1208 2142 mihi‚a
1229 2085 1338 2148 repre-

129 2164 284 2229 hensione
307 2166 500 2232 temeritatis
522 2166 636 2231 absim.
683 2166 861 2234 Confiterer
883 2167 1107 2255 imprudentia
1126 2189 1180 2232 me
1199 2166 1340 2251 lapsum,

128 2266 157 2332 si
171 2288 330 2352 umquam
345 2266 474 2353 Lepido
494 2291 536 2333 ex
556 2269 666 2335 animo
685 2271 903 2338 credidissem.
949 2270 1134 2337 Credulitas
1148 2267 1235 2334 enim
1251 2291 1340 2333 error

127 2372 177 2435 eet
203 2369 309 2454 magis
335 2393 434 2455 quam
459 2372 564 2458 eulpa,
592 2378 625 2438 et
655 2373 787 2460 quidem
811 2374 845 2439 in
873 2373 989 2460 optimi
1015 2373 1169 2457 cuiusque
1195 2376 1339 2436 mentem

128 2472 285 2539 facillime
315 2474 438 2559 irrepit.
484 2474 549 2540 Sed
575 2497 637 2560 ego
661 2498 728 2542 non
755 2476 816 2543 hoe
836 2477 917 2543 vitio
943 2498 1046 2563 paene
1069 2497 1141 2540 sum
1164 2476 1339 2560 deeeptus:

126 2574 293 2662 Lepidum
309 2577 397 2643 enim
412 2578 523 2661 pulcre
538 2601 661 2645 noram.
708 2578 799 2651 Quid
814 2603 892 2666 ergo
907 2582 984 2646 est?
1028 2579 1140 2644 Pudor
1155 2601 1217 2658 me,
1231 2577 1288 2663 qui
1302 2578 1340 2644 in

126 2678 212 2745 hello
228 2681 370 2746 maxime
386 2686 435 2746 eet
449 2681 656 2766 periculosus,
672 2683 760 2748 hunc
780 2706 890 2749 casum
906 2684 1013 2770 coegit
1029 2682 1147 2748 subire.
1193 2681 1293 2759 Nam,
1310 2681 1339 2746 ei

127 2805 193 2848 uuo
209 2785 278 2849 loco
297 2807 409 2861 essem,
431 2785 566 2851 verebar
586 2808 627 2850 ne
645 2786 697 2851 cui
718 2785 972 2852 obtrectatorum
994 2786 1120 2850 viderer
1138 2789 1171 2850 et
1196 2784 1338 2850 nimium

128 2887 338 2972 pertinaciter
353 2887 480 2973 Lepido
496 2887 638 2954 offensus
660 2893 693 2955 et
710 2911 783 2956 mea
805 2889 965 2976 patientie
982 2888 1081 2954 etiam
1097 2888 1182 2953 alere
1202 2887 1336 2953 bellum.

127 2991 158 3053 2.
183 2990 302 3075 Itaque
323 2991 431 3075 copias
450 3012 549 3075 prope
569 2993 605 3056 in
625 2998 831 3078 conspectum
853 2991 973 3077 Lepidi
988 2991 1192 3077 Antoniique
1213 2990 1337 3056 adduxi

128 3095 412 3180 quadragintaque
428 3095 569 3159 millium
582 3117 735 3180 paeonum
750 3098 855 3181 spatio
869 3094 981 3160 relicto
997 3094 1126 3160 consedi
1141 3116 1178 3160 eo
1193 3093 1341 3171 coneilio,

129 3204 166 3262 ut
182 3199 234 3263 vel
249 3198 395 3264 celeriter
418 3200 565 3264 accedere
581 3200 633 3265 vel
648 3200 834 3265 salutariter
850 3199 988 3284 recipere
1011 3221 1063 3265 me
1083 3220 1218 3283 possem.
1264 3196 1336 3264 Ad·

162 3407 213 3474 ταὶ]
237 3410 316 3461 added
328 3411 362 3476 by
373 3410 528 3476 Wesenberg
538 3412 605 3462 from
618 3411 706 3463 Dreed.
759 3411 889 3477 aslightly
901 3412 1017 3462 different
1025 3427 1094 3462 sense
1105 3426 1144 3475 cp.
1156 3412 1212 3472 896,
1224 3414 1248 3471 4,
1257 3411 1278 3457 ai
1290 3424 1337 3458 senc

148 3508 153 3520 ·
760 3480 807 3527 leco
830 3480 939 3541 hyrenem
962 3479 1104 3525 haesitarem.
1151 3476 1224 3524 Some
1245 3474 1337 3524 editors

163 3538 286 3604 Seroirsm]
309 3538 350 3589 ie.
366 3539 467 3591 Servius
480 3540 605 3605 Sulpicius
613 3541 706 3592 Galba:
759 3543 817 3591 read
828 3545 886 3599 eriri,
908 3542 945 3590 ‘ii
957 3543 969 3590 1
983 3541 1025 3590 did
1036 3549 1080 3590 not
1094 3556 1162 3589 come
1173 3546 1199 3589 tc
1210 3538 1253 3588 the
1269 3552 1342 3587 some

128 3617 167 3664 cp-
183 3603 240 3651 841·
759 3607 829 3671 place
840 3623 867 3657 us
878 3606 987 3668 Lepidus
995 3607 1011 3654 ':
1031 3611 1074 3670 yet
1085 3621 1097 3653 c
1118 3642 1123 3652 .
1135 3610 1193 3653 noto
1205 3606 1296 3660 10870,
1311 3605 1334 3651 8.

791 3677 838 3720 ei.
860 3708 866 3720 .
887 3669 1008 3735 ,00110οῇ
1044 3622 1120 3718 ‘both
1132 3674 1158 3717 to
1172 3667 1237 3716 have
1253 3665 1333 3716 main-

165 3734 187 3779 l.
207 3730 293 3797 aaron]
329 3734 462 3795 ‘provided
481 3734 494 3783 I
514 3750 554 3783 am
571 3736 624 3784 free
643 3735 708 3785 from
759 3734 843 3785 tained
854 3743 895 3785 too
908 3734 1068 3797 persistently
1080 3749 1121 3796 my
1134 3731 1228 3795 grudge
1239 3730 1336 3794 against

129 3796 163 3845 ull
180 3794 262 3844 blame
279 3813 311 3845 on
327 3797 370 3846 tha
385 3814 453 3847 scrire
463 3798 490 3847 of
505 3799 620 3849 rashncss
630 3800 646 3848 ’z
666 3816 705 3863 cp.
759 3799 876 3863 Lepidus,
895 3801 944 3848 and
961 3800 995 3861 by
1012 3814 1054 3861 my
1071 3796 1213 3845 remissncss
1230 3805 1255 3842 to
1271 3795 1337 3846 heve

128 3863 182 3909 Att.
206 3861 242 3908 iii.
267 3864 303 3922 lt,
327 3865 340 3909 2
364 3865 424 3927 (13),
447 3865 516 3912 illscm
530 3873 592 3925 prato
615 3864 643 3911 ut
663 3866 707 3913 islo
758 3859 1273 3925 evenlosteredthegrowthoithewar!

127 3926 211 3972 redere
228 3926 325 3986 afuisse.
791 3933 815 3977 2.
826 3927 979 3993 relecturum]
990 3926 1109 3974 ‘without
1116 3925 1223 3974 loss’-u
1230 3922 1335 4036 slighth·

161 3992 247 4049 optimi
266 3990 390 4056 cuiusque]
424 4008 463 4054 ep.
484 3995 542 4052 861,
562 3995 585 4050 3,
602 4009 643 4057 eqo
661 4008 706 4041 nors
758 4002 859 4055 strange
872 4009 915 4041 uso
930 3990 958 4041 oi
972 3991 1023 4040 this
1040 4005 1094 4039 rere
1107 3988 1238 4052 adJ'eotivc,
1251 3988 1316 4037 uhic

129 4055 205 4102 anolus
226 4055 292 4104 heere
313 4058 354 4104 hoc
374 4056 519 4117 auspicabor.
555 4057 609 4107 The
627 4056 708 4106 whole
758 4056 974 4106 husaeomewhat
986 4054 1118 4118 colloquial
1129 4060 1196 4103 tone.
1222 4052 1335 4102 Rhodius

127 4124 243 4169 sentence
259 4120 280 4169 ie
300 4137 315 4169 a
335 4123 397 4184 good
415 4121 529 4183 example
545 4122 574 4169 os
589 4121 631 4171 the
648 4137 705 4171 sen·
760 4123 793 4184 (p.
808 4126 831 4181 4,
843 4128 900 4170 note
913 4123 937 4184 b)
950 4136 1075 4182 compares
1087 4118 1116 4168 C.
1130 4118 1152 4167 1.
1162 4118 1193 4167 L.
1206 4118 1241 4167 vi.
1261 4118 1332 4177 1527,

128 4181 236 4232 tentioua
259 4186 367 4235 remarks
386 4186 468 4235 which
488 4186 651 4236 characterise
665 4185 708 4235 the
761 4190 799 4246 10,
807 4188 949 4234 salutariter
958 4188 1063 4233 territare.
1087 4183 1183 4243 Inerc,
1194 4186 1217 4243 2,
1228 4182 1336 4231 Plancus

130 4248 195 4312 style
206 4247 234 4295 of
246 4249 368 4299 Plancus:
389 4267 427 4313 cp.
440 4253 496 4310 881,
512 4254 534 4299 l.
758 4267 815 4300 uses
837 4250 859 4299 it
877 4250 951 4314 again
972 4249 1000 4298 in
1019 4265 1034 4299 a
1054 4265 1121 4299 more
1137 4248 1236 4297 natural
1254 4262 1335 4307 sense,

162 4313 257 4381 Pauor]
277 4315 438 4378 ‘serupuloue
449 4314 706 4378 regardtorhonour.’
759 4317 827 4364 nihii
837 4318 899 4363 erum
910 4332 945 4363 ene
957 4331 1002 4362 non
1011 4315 1266 4375 sclrstorimceyitere
1276 4314 1324 4360 reio

162 4382 182 4427 si
196 4391 242 4426 utu
255 4382 301 4427 loco
310 4381 392 4493 esseni}
413 4380 451 4428 ‘if
464 4380 476 4428 l
488 4379 613 4429 remained
625 4381 709 4430 where
761 4380 817 4429 ‘ior
828 4379 842 4429 I
854 4380 928 4429 know
941 4379 996 4429 thet
1006 4394 1082 4444 every
1090 4379 1150 4444 plan
1161 4377 1188 4428 01
1196 4377 1262 4427 miue
1273 4376 1321 4425 iso

130 4440 275 4505 Iwas,’i.e.
290 4443 367 4495 attha
390 4462 453 4493 sare.
483 4445 629 4494 Sotheuss.
659 4444 709 4496 For
759 4442 1052 4495 awholesomenature!

130 3475 144 3521 3
