3022 5444
447 418 720 488 DOOOLXXX.
749 419 875 502 (ΕΔΜ.
900 419 945 483 Χ.
970 417 1039 505 25).
1291 420 1355 485 189

140 606 271 675 laudem
287 611 476 672 consecutus
491 605 553 672 sis:
577 604 778 685 mihicrede,
794 606 975 691 proximam
991 606 1124 690 Planco,
1140 607 1239 694 idque
1253 609 1356 695 ipsius

141 709 256 776 Planci
270 709 466 786 testimonio,
483 715 651 794 praeterea
664 710 754 774 fama
773 709 970 796 scientiaque
986 711 1142 776 omnium.
1189 713 1220 776 2.
1245 711 1356 785 Quam

141 813 182 881 ob
207 836 276 880 rem
303 813 330 878 si
358 813 437 898 quid
459 813 563 898 operis
589 812 650 877 tibi
672 813 771 877 etiam
795 834 883 877 nuno
903 816 1014 891 restat,
1036 814 1072 880 id
1093 813 1237 881 maximo
1260 838 1356 901 opera

139 940 253 984 censeo
279 917 547 1002 persequendum.
606 914 695 987 Quid
722 915 810 979 enim
835 913 1003 981 honestius
1027 920 1085 981 aut
1110 917 1190 1002 quid
1220 917 1355 986 honesto

140 1020 432 1106 anteponendum?
476 1018 535 1085 Sin
551 1024 659 1084 autem
675 1018 753 1083 satis
777 1018 901 1083 factum
917 1019 1130 1105 reipublicae
1151 1026 1258 1106 putas,
1274 1023 1356 1088 calc·

139 1123 219 1190 riter
234 1124 276 1189 ad
292 1123 433 1202 comitia,
449 1124 602 1209 quoniam
618 1125 744 1187 mature
767 1121 881 1186 futura
904 1126 991 1200 sunt,
1007 1125 1206 1190 veniendum
1221 1147 1354 1215 censeo:

140 1228 220 1292 dum
235 1227 331 1292 modo
355 1249 397 1291 na
420 1224 532 1313 [quid]
556 1225 635 1291 hacc
655 1224 827 1290 ambitiosa
844 1224 1012 1290 festinatio
1032 1227 1158 1313 aliquid
1180 1227 1356 1295 imminuat

140 1329 210 1401 eius
224 1329 358 1416 gloriae,
374 1351 471 1413 qnam
488 1328 649 1394 consecuti
664 1350 785 1393 sumus.
831 1328 933 1395 Multi
948 1329 1118 1396 clarissimi
1133 1330 1206 1409 viri,
1223 1354 1297 1398 oum
1308 1331 1356 1397 rei

139 1431 289 1514 publicae
315 1432 431 1498 darent
462 1454 603 1518 operam,
642 1455 765 1497 annum
796 1432 963 1518 petitionis
993 1456 1069 1499 suae
1096 1457 1162 1499 non
1193 1432 1354 1502 obierunt.

140 1534 237 1606 Quod
253 1558 291 1601 eo
307 1535 434 1600 facilius
450 1534 543 1602 nobis
557 1539 615 1615 est,
632 1536 719 1620 quod
735 1557 801 1600 non
823 1539 872 1601 est
887 1557 992 1602 annus
1011 1536 1065 1602 hio
1085 1537 1145 1603 tibi
1161 1538 1354 1618 destinatus,

138 1643 187 1718 ut,
203 1637 230 1704 si
246 1638 360 1704 aedilis
375 1638 502 1716 fuisses,
519 1641 591 1723 post
604 1637 775 1717 biennium
790 1642 867 1704 tuus
887 1661 993 1705 annus
1015 1644 1108 1707 essct.
1155 1639 1255 1707 Nunc
1270 1640 1355 1707 nihil

138 1742 395 1827 praetermittere
410 1742 560 1808 videbere
575 1741 687 1808 usitati
703 1746 735 1807 et
750 1742 843 1828 quasi
854 1742 996 1827 legitimi
1011 1744 1166 1830 temporis
1182 1745 1222 1810 ad
1239 1748 1355 1831 peten-

139 1845 227 1910 dum.
276 1843 381 1911 Video
402 1850 512 1911 antem
536 1844 659 1911 Planco
683 1846 824 1924 consule,
851 1845 911 1910 atsi
937 1845 1037 1911 etiam
1063 1846 1133 1912 sine
1153 1869 1191 1914 eo
1212 1847 1355 1915 rationes

139 1948 306 2033 expeditas
320 1947 465 2026 haberes,
483 1953 593 2013 tamen
614 1948 865 2033 splendidiorem
881 1948 1073 2034 petitionem
1095 1954 1197 2031 tuam,
1214 1950 1354 2018 simodo

137 2049 201 2116 ista
225 2074 264 2116 ex
284 2050 446 2117 sententia
466 2050 613 2116 coniecta
634 2057 748 2116 essent.
796 2052 827 2114 3.
851 2051 994 2117 Omnino
1015 2052 1183 2137 pluruma
1206 2052 1353 2136 scribere,

138 2175 213 2218 oum
228 2158 322 2219 tuum
337 2158 465 2220 tantum
483 2153 652 2219 consilium
666 2153 887 2239 iudiciumque
908 2155 960 2232 sit,
977 2176 1044 2220 non
1059 2154 1108 2219 ita
1122 2177 1250 2221 neeesse
1265 2156 1354 2223 arbi-

139 2255 259 2335 trabar,
282 2257 339 2322 sed
358 2259 468 2321 tamen
490 2257 687 2322 sententiam
707 2280 814 2322 meam
834 2256 895 2322 tibi
918 2257 1066 2343 ignotam
1087 2279 1155 2322 esse
1178 2257 1351 2324 nolebam:

138 2360 230 2424 onius
245 2365 293 2425 est
311 2359 390 2425 haec
410 2382 547 2439 summa,
569 2363 607 2426 ut
630 2359 740 2425 omnic
760 2365 793 2426 te
817 2359 923 2425 metiri
938 2358 1101 2444 dignitate
1115 2360 1229 2425 malim
1254 2383 1353 2445 quam

137 2460 314 2528 ambitione
328 2462 548 2549 maioremque
562 2462 706 2529 fructum
722 2485 840 2549 ponere
854 2462 889 2527 in
901 2461 1117 2548 perpetuitate
1133 2462 1239 2528 laudis
1254 2485 1353 2549 quam

137 2567 173 2632 in
199 2566 362 2632 celeritate
386 2572 565 2651 praeturae.
619 2565 714 2631 Haec
739 2567 853 2630 audem
886 2565 1012 2630 locntns
1038 2586 1111 2630 sum
1135 2564 1224 2631 domi
1250 2589 1351 2646 meae,

137 2668 284 2735 adhibito
307 2668 432 2741 Quinto
453 2668 555 2734 tratre
577 2690 649 2734 meo
672 2675 704 2734 at
726 2667 865 2734 Caecina
885 2673 917 2732 et
942 2666 1092 2747 Calvisio,
1110 2668 1353 2736 studiosissimis

171 2831 270 2897 Planco]
304 2830 366 2880 This
384 2829 466 2881 shows
483 2830 539 2881 that
557 2829 601 2880 tha
616 2836 717 2894 present
767 2828 823 2893 ship
835 2829 862 2879 of
874 2832 921 2881 712
931 2829 991 2894 (42),
1005 2845 1063 2894 says
1071 2828 1135 2890 that,
1149 2829 1170 2879 ii
1180 2829 1349 2883 hohadbocn

137 2898 210 2947 latter
231 2913 282 2946 was
300 2894 419 2959 probably
444 2894 545 2944 written
570 2895 648 2945 about
673 2895 716 2944 tho
767 2894 941 2944 successfulin
958 2893 1088 2958 obtaining
1104 2893 1349 2959 theaedileship,he

137 2979 203 3011 sanre
222 2960 282 3010 time
302 2976 329 3010 as
358 2961 414 3019 879,
433 2961 482 3009 and
499 2958 555 3009 that
574 2959 617 3010 the
634 2959 716 3023 praisa
767 2960 839 3009 could
851 2958 970 3009 nothava
984 2961 1112 3022 competad
1127 2958 1168 3009 for
1181 2958 1225 3009 the
1236 2967 1348 3022 praetor·

138 3026 220 3075 which
232 3025 318 3075 Cicero
327 3023 538 3074 bestowsouboth
549 3024 656 3074 Plancus
667 3026 716 3074 and
766 3023 823 3086 ship
840 3023 881 3074 for
896 3029 948 3073 two
963 3039 1042 3088 years,
1055 3024 1104 3073 and
1123 3023 1283 3089 accordingly
1302 3026 1350 3077 712

139 3090 248 3140 Furnius
271 3105 322 3139 was
344 3088 384 3138 ior
406 3088 449 3138 tho
471 3104 569 3139 success
599 3089 628 3139 of
649 3089 715 3139 their
766 3088 818 3202 872)
840 3088 924 3137 would
943 3094 987 3138 not
1012 3088 1077 3140 hare
1100 3088 1164 3138 beon
1190 3088 1244 3138 ‘his
1286 3090 1347 3141 ear.’

137 3152 302 3218 negotiatione
332 3153 394 3204 with
425 3152 543 3216 Lepidus,
574 3153 601 3203 in
631 3153 715 3203 which
790 3169 828 3202 wo
837 3169 909 3216 years
920 3157 988 3202 must
996 3152 1079 3216 elapsa
1089 3154 1203 3203 between
1211 3105 1349 3220 aedileship

138 3218 247 3269 Furnius
259 3219 348 3282 played
357 3235 389 3268 an
398 3219 595 3282 importantpart
603 3218 669 3282 (848,
679 3219 713 3280 3).
765 3219 814 3267 and
831 3217 1000 3280 praetorship;
1019 3217 1078 3267 thus
1095 3217 1180 3268 Giocro
1197 3234 1249 3268 was
1261 3218 1349 3271 curule

170 3288 194 3333 2.
212 3284 319 3350 mature]
354 3283 450 3334 ‘soon’
765 3282 846 3332 aedile
864 3281 892 3332 in
908 3284 955 3331 685
978 3283 1038 3346 (69),
1056 3289 1154 3345 praetor
1170 3283 1197 3332 iu
1216 3286 1263 3332 688
1277 3285 1347 3348 (66);

169 3349 308 3415 ambitiosa]
345 3347 514 3399 ‘interested’
765 3348 815 3396 and
838 3346 939 3396 Clodius
962 3362 1013 3396 was
1035 3347 1121 3396 curule
1148 3346 1227 3398 oedila
1249 3348 1277 3398 in
1300 3351 1348 3401 698

169 3417 284 3463 consecuti
295 3413 387 3479 carmus]
413 3413 498 3463 Cicero
508 3411 606 3476 implica
616 3411 672 3462 that
683 3411 715 3461 ha
767 3412 829 3525 god),
847 3416 945 3474 praetor
962 3410 1047 3463 intur
1066 3411 1135 3476 (dtlz
1156 3428 1194 3476 cp.
1208 3412 1349 3464 Mommsen

136 3481 206 3530 takes
223 3478 285 3529 such
307 3495 339 3528 an
362 3478 465 3528 interest
483 3477 511 3526 in
531 3477 640 3526 Furnius
660 3477 716 3526 that
786 3483 805 3526 t.
816 3476 861 3526 R2.
874 3476 893 3526 i.
906 3478 1016 3526 coe-10.

137 3545 168 3593 he
186 3552 227 3593 too
246 3544 292 3592 bas
310 3559 325 3591 a
340 3542 411 3591 share
429 3543 454 3592 in
474 3541 600 3592 whatever
618 3542 716 3591 honour
799 3544 904 3590 rationes
921 3544 1042 3602 expeditas
1060 3538 1168 3606 balnea]
1211 3543 1278 3604 ‘you
1299 3542 1348 3592 had

137 3608 247 3657 Furnius
272 3607 358 3668 gains:
385 3623 424 3669 cp.
452 3606 519 3654 nebia
544 3605 714 3669 immediately
765 3621 829 3718 your
840 3605 910 3664 plans
921 3606 1041 3668 arranged
1056 3607 1125 3669 quite
1142 3604 1308 3668 independcnt
1320 3607 1348 3656 of

136 3673 223 3722 below.
259 3670 306 3720 We
321 3671 385 3719 have
402 3671 533 3720 bracketed
550 3671 713 3732 quidasitis
783 3669 839 3718 im!

136 3746 180 3787 not
191 3737 271 3787 found
287 3736 314 3784 in
335 3735 427 3795 HPal,
441 3736 490 3784 and
507 3735 583 3798 spoils
600 3735 711 3785 tharam
799 3737 822 3783 3.
841 3735 976 3796 dr'ynitatc.
992 3767 998 3780 .
1014 3732 1255 3808 ‚quaarcmbits'oneJ
1275 3733 1346 3786 ‘love

135 3812 216 3852 tanco.
765 3797 793 3846 oi
808 3798 906 3848 honour
924 3796 1008 3847 rather
1025 3797 1088 3847 than
1108 3798 1303 3848 consideratione
1320 3798 1348 3849 oi

169 3884 215 3915 aon
233 3864 353 3927 obierunt]
389 3863 468 3913 ‘hcva
493 3870 538 3912 not
564 3869 611 3926 put
635 3861 663 3912 in
681 3879 714 3913 an
764 3863 1039 3912 mercadvanoemont.'

136 3929 332 4043 appearauopitin⁴
342 3928 388 4042 lt¹he
407 3927 506 4042 rogrsslar
523 3927 715 4041 missorii&
781 3991 790 4040 l
793 3930 957 4016 perpetuitate
969 3924 1061 3992 hedis]
1093 3925 1202 3990 ‘lasting
1213 3927 1309 3978 reward
1319 3929 1347 3980 ot

136 4011 258 4121 diauliariil.
273 4061 296 4119 7,
306 4008 601 4121 Ἀῑῑῗξιῗίἰῖιῖ4,8ῗῖἓ27),
612 4007 714 4106 riirbotbb
765 4008 915 4168 goddscinffl
947 4055 1024 4104 Orelli
1035 4054 1159 4105 considers
1173 4055 1194 4106 it
1214 4058 1345 4108 uncertain

136 4123 243 4187 English
266 4124 361 4186 phrase,
389 4124 432 4171 ‘to
453 4126 519 4171 meet
543 4138 576 4170 an
603 4136 712 4185 engage·
766 4120 877 4169 whether
917 4118 1060 4169 isCaaoina
1072 4136 1122 4170 was
1136 4119 1245 4171 Cicero's
1262 4136 1344 4172 corre·

135 4189 223 4238 ment)
764 4186 886 4247 spondent
897 4185 947 4247 (cp.
961 4184 1011 4234 vol.
1021 4184 1057 4233 iv.
1068 4201 1093 4247 p.
1104 4184 1188 4249 xxiii),
1201 4200 1230 4235 or
1240 4185 1280 4235 his
1291 4202 1345 4249 son,

172 4256 276 4310 Quod..
293 4249 383 4315 .ereet]
429 4249 538 4299 Furnius
562 4265 665 4312 appears
687 4254 714 4299 to
765 4250 821 4298 who
831 4249 1156 4300 ismcntionedcsafriend
1166 4250 1345 4301 ofOctavinn’s

135 4318 199 4368 have
215 4317 285 4367 stood
297 4314 495 4379 unsnooossiully
508 4314 549 4363 for
559 4313 603 4364 the
621 4314 713 4364 aedile·
764 4313 791 4363 iu
804 4315 859 4371 797,
873 4317 897 4363 2.

137 4383 232 4446 shipot
245 4384 289 4434 711
306 4380 367 4444 (4³).
403 4379 496 4438 Cicero,
514 4378 542 4428 iu
557 4378 648 4443 urging
661 4379 714 4429 him
799 4381 901 4428 Calcisio
948 4377 983 4441 11,
1003 4394 1030 4428 as
1047 4377 1188 4429 Billerbeck
1202 4380 1252 4429 and
1266 4379 1345 4430 Orelli

134 4445 364 4513 torelinqnishthe
379 4460 483 4495 sauram
497 4444 537 4494 tor
550 4443 713 4506 thapraetor-
763 4459 877 4507 suppose,
922 4443 928 4454 '
956 4459 1008 4495 was
1021 4442 1064 4495 tho
1081 4442 1206 4496 Calvisius
1223 4444 1279 4494 who
1295 4444 1345 4495 had
