3044 5002
751 364 936 455 [aee]

442 752 815 822 Peenno-emito
838 752 897 821 ΤΟ
921 753 1235 825 OOTAVIANUS.

238 963 345 1010 reeca
367 963 585 1022 uncturum
608 962 774 1008 eurroenn
795 964 837 1009 ro
857 963 952 1008 aevu
977 964 1066 1009 annu
1090 965 1248 1010 warrrnu
1272 966 1448 1012 enrwsnu

277 1067 411 1112 000000
427 1065 456 1113 19
472 1065 543 1111 sun
557 1062 785 1126 nucuuna1t73
801 1068 833 1112 s.
850 1067 884 1112 0.
901 1068 929 1113 0.
946 1064 1009 1127 7113
1026 1069 1058 1113 0.
1075 1069 1102 1113 0.
1120 1066 1168 1127 433
1184 1069 1261 1113 eur.
1279 1070 1341 1116 cro.
1358 1070 1401 1118 ea.

287 1232 378 1284 Gravis
393 1235 420 1283 et
434 1230 567 1283 vehemens
582 1230 710 1284 invectiva
728 1231 756 1282 in
773 1232 938 1285 Octavianum
954 1235 1008 1300 qui,
1031 1234 1114 1287 subito
1130 1241 1281 1289 commutata
1303 1239 1451 1302 voluntate,

238 1314 394 1381 optimatium
405 1317 432 1365 et
441 1318 542 1365 senatus
552 1318 634 1378 partes
645 1314 779 1380 reliquerat
789 1319 815 1366 et
825 1315 912 1367 urbem
922 1317 1045 1368 militibus
1055 1316 1108 1368 suia
1118 1318 1228 1370 tenebat.

613 1490 744 1546 CICERO
763 1491 975 1548 ocrnvinuo
993 1494 1070 1549 SAL.

307 1641 335 1704 1.
359 1636 396 1704 Si
410 1660 468 1724 per
481 1643 556 1704 tuae
577 1638 723 1724 legiones
737 1637 820 1705 mihi
843 1639 971 1706 licitum
986 1639 1112 1721 inisset,
1129 1662 1212 1727 qnae
1227 1642 1353 1708 nomini
1369 1664 1447 1709 meo

237 1743 420 1831 populoque
436 1742 586 1809 Romano
600 1748 678 1809 sunt
691 1742 945 1824 inimicissimae,
960 1743 1073 1810 venire
1092 1743 1129 1809 in
1152 1747 1301 1812 senatum
1317 1768 1446 1812 coram·

237 1870 300 1935 que
318 1848 358 1912 de
378 1869 413 1912 re
434 1845 565 1932 publiea
587 1847 765 1933 disputare,
786 1847 943 1926 iecissem,
968 1868 1074 1932 neque
1093 1852 1162 1913 tam
1181 1847 1323 1915 libenter
1343 1871 1445 1936 quam

236 1951 424 2030 necessario,
439 1950 532 2016 nulla
553 1950 642 2016 enim
660 1950 814 2030 remedia,
833 1972 916 2037 quae
939 1950 1130 2016 mineribus
1147 1951 1357 2032 adhibentur,
1372 1957 1445 2018 tam

234 2054 363 2121 iaciunt
378 2053 532 2134 dolorem,
548 2076 646 2141 quam
661 2078 745 2141 quae
761 2059 839 2120 sunt
854 2054 1022 2120 salutaria.
1067 2052 1143 2135 Sed,
1159 2055 1315 2141 quoniam
1330 2055 1444 2123 cohor·

235 2156 324 2224 tibus
338 2157 472 2223 ermetis
486 2157 737 2246 circumsaeptus
759 2163 890 2224 senatus
909 2157 994 2224 nihil
1010 2158 1100 2224 aliud
1115 2181 1189 2224 vere
1210 2162 1317 2245 potest
1332 2160 1443 2228 deaei·-

235 2283 313 2328 nere
342 2259 462 2326 nisiae
490 2260 686 2326 timere-in
713 2260 875 2347 Capitolio
901 2262 998 2349 signe
1026 2266 1114 2342 eunt,
1140 2262 1176 2328 in
1206 2261 1286 2328 urbe
1316 2262 1440 2331 milites

235 2368 408 2453 vagantur,
430 2364 467 2429 in
489 2363 612 2452 Campo
634 2371 738 2431 eastra
759 2369 937 2451 ponuntur,
961 2364 1064 2431 Italia
1089 2369 1159 2432 tota
1184 2365 1372 2452 legionibus
1393 2369 1438 2434 ad

234 2467 420 2536 libertatem
434 2465 578 2533 nostram
593 2453 780 2554 coneoriptis
798 2469 841 2535 ad
855 2470 1045 2536 servitutem
1060 2469 1210 2535 adductis
1225 2469 1441 2557 equitatuque

234 2575 419 2639 exterarum
432 2571 605 2637 nationum
620 2572 849 2652 distinetur-,
865 2573 977 2639 cedam
992 2572 1054 2639 tibi
1068 2572 1104 2638 in
1119 2573 1304 2659 praesentia
1319 2573 1388 2639 foro
1408 2578 1442 2640 et

234 2677 325 2743 ouria
348 2679 381 2740 et
406 2673 616 2740 sanctissimis
645 2675 780 2741 deorum
809 2676 1045 2743 immortalium
1075 2675 1219 2762 templis,
1256 2676 1293 2741 in
1323 2676 1443 2764 quibus

234 2779 446 2846 reviviscente
467 2778 533 2845 iam
554 2778 706 2846 libertate
728 2780 847 2846 deinde
868 2802 980 2846 rursus
1003 2801 1174 2866 oppreeeue
1196 2783 1329 2845 senatus
1354 2780 1440 2846 nihil

234 2882 424 2962 consulitur,
438 2880 534 2947 timet
552 2882 668 2964 multa,
692 2884 882 2949 adsentatur
900 2883 1018 2949 omnia.
1064 2883 1095 2948 2.
1119 2880 1200 2948 Poet
1214 2882 1315 2949 etiem
1330 2885 1442 2970 paullo

234 2984 434 3072 temporibus
451 2984 500 3051 ita
520 2985 762 3070 postulantibus
785 2987 897 3053 eedem
912 2986 1003 3067 urbe,
1019 3008 1117 3074 quam
1131 3009 1189 3072 per
1203 3009 1256 3052 me
1271 3008 1440 3053 conserve-

233 3095 313 3171 tam,
329 3095 367 3157 nt
389 3093 472 3155 esset
489 3088 601 3169 libera,
622 3088 659 3155 in
681 3090 837 3157 servitute
852 3090 963 3157 videre
985 3113 1052 3157 non
1073 3094 1205 3176 potero;
1229 3092 1342 3157 oedem
1358 3093 1440 3173 vita,

234 3216 317 3280 quae
332 3214 530 3279 quamquam
545 3193 685 3259 sollicita
703 3197 761 3274 eet,
776 3197 897 3274 tamen,
913 3194 941 3260 si
955 3193 1129 3281 profutura
1144 3197 1192 3260 eet
1215 3193 1263 3260 rei
1277 3193 1439 3280 publicae,

266 3358 334 3409 'l'hat
343 3356 394 3408 this
404 3356 478 3406 letter
488 3354 509 3404 is
526 3354 569 3405 the
580 3356 649 3405 work
660 3355 687 3406 oi
701 3355 810 3408 arhete-
862 3355 946 3407 which
957 3372 996 3407 we
1013 3356 1077 3405 shall
1093 3355 1141 3406 call
1157 3355 1187 3417 Τ,
1200 3357 1272 3405 rende
1282 3372 1329 3404 non
1339 3355 1443 3416 sariunt

232 3423 320 3484 rician,
343 3423 393 3472 and
414 3437 430 3470 a
450 3436 512 3484 very
533 3420 626 3471 foelish
648 3436 695 3471 oue
715 3426 765 3483 100,
790 3420 813 3470 10
862 3423 965 3471 dolorem
981 3424 1089 3483 quamvis
1107 3424 1158 3469 rint
1174 3421 1304 3470 salutaria.
1339 3420 1372 3471 So
1389 3421 1443 3471 also

233 3489 343 3540 evideut.
378 3486 432 3536 The
448 3484 569 3549 complete
584 3485 640 3535 leclr
655 3485 683 3535 of
702 3485 810 3551 dignity,
861 3486 905 3536 the
922 3485 1069 3536 Dresdensie
1086 3485 1133 3535 De.
1148 3488 1194 3534 112
1213 3484 1268 3549 (D),
1281 3485 1308 3534 H
1326 3487 1356 3547 (=
1367 3485 1440 3535 Harl.

232 3551 368 3606 theieeble
384 3551 507 3614 impetent
523 3550 669 3608 abuse‚and
685 3550 729 3600 the
745 3557 813 3600 utter
862 3553 946 3613 2682),
960 3550 1073 3600 andEri.
1099 3550 1125 3599 lt
1135 3549 1158 3599 ia
1168 3550 1276 3614 possible
1286 3550 1441 3614 thatTmey

231 3614 812 3679 aimlessnessofthewholeproductionstamp
861 3615 892 3666 be
911 3631 959 3665 one
981 3616 1010 3665 oi
1031 3615 1075 3664 the
1096 3614 1241 3664 Memmiani
1269 3614 1364 3665 codices
1388 3616 1439 3679 (cp,

232 3683 254 3734 it
264 3689 291 3733 at
307 3697 368 3733 once
386 3680 531 3744 asentirely
542 3680 609 3730 alien
619 3680 685 3729 from
703 3680 812 3730 Cicero’s
861 3679 1002 3737 Turnebus,
1032 3679 1189 3743 Adversarie,
1207 3678 1279 3729 xxiii.
1308 3682 1347 3741 29,
1378 3696 1439 3730 xxx.

232 3748 307 3814 style.
334 3744 813 3810 Itisquiteneedlesstoa'rgueegainst
863 3745 916 3809 1³).

231 3812 266 3864 its
274 3812 447 3877 genuineness,
456 3809 539 3859 which
550 3825 583 3858 no
590 3826 636 3859 one
648 3809 730 3859 would
738 3809 812 3858 think
895 3807 930 3875 se]
965 3808 1009 3869 H;
1027 3824 1076 3860 om.
1090 3807 1128 3857 M.

231 3878 260 3928 of
276 3875 420 3939 defeuding.
461 3874 515 3924 The
533 3875 584 3924 sole
603 3875 707 3924 interest
725 3873 812 3924 citha
894 3877 919 3923 2.
938 3875 1080 3922 cedamoita
1099 3911 1105 3923 .
1125 3910 1131 3921 .
1152 3910 1158 3922 .
1177 3873 1372 3938 maeonsolatur]
1408 3872 1439 3923 ‘I

232 3943 365 3992 document
383 3938 488 3989 consiste
507 3939 534 3988 in
552 3939 596 3988 the
610 3939 664 3988 fact
679 3939 735 3988 that
751 3938 812 3988 itis
861 3937 926 3988 shall
943 3940 1030 4001 depart
1046 3937 1111 3987 from
1129 3938 1182 3999 life,
1205 3938 1297 3995 which,
1319 3937 1441 4002 although

231 4007 311 4058 found
330 4006 358 4055 in
373 4010 438 4054 most
454 4018 501 4053 uss
518 4003 546 4053 of
565 4003 674 4053 Cicero’s
691 4003 809 4066 Epistles,
860 4001 964 4066 ireught
975 4002 1037 4053 with
1048 4002 1159 4067 anxiety,
1172 4009 1217 4067 yet
1227 4003 1250 4052 if
1257 4003 1279 4052 it
1289 4003 1311 4052 is
1324 4003 1403 4067 likely
1414 4008 1441 4053 10

230 4073 280 4121 0οᾱ
292 4070 383 4121 etiords
394 4084 461 4118 some
475 4068 611 4132 important
624 4068 773 4118 indicatione
784 4067 812 4117 of
861 4068 955 4118 benetlt
973 4066 1016 4118 the
1035 4073 1107 4130 01010,
1128 4067 1217 4117 affords
1232 4083 1272 4117 me
1288 4067 1440 4117 consolation

231 4136 275 4186 the
294 4137 368 4186 ralue
386 4136 414 4184 of
431 4133 525 4183 certain
543 4133 650 4183 German
666 4148 723 4183 uses.
759 4133 812 4181 Our
861 4132 897 4197 by
912 4132 955 4182 the
973 4132 1024 4182 fair
1042 4132 1107 4195 hope
1122 4132 1149 4182 of
1166 4131 1252 4182 futura
1272 4133 1355 4182 seme!
1391 4132 1441 4181 For

231 4207 301 4251 notes
312 4216 354 4250 are
365 4199 453 4248 almost
464 4197 570 4261 entirely
581 4198 693 4248 confined
705 4203 731 4247 1ο
741 4196 812 4247 these
856 4198 990 4258 posteritas
1009 4197 1037 4246 in
1052 4196 1104 4247 this
1124 4213 1194 4247 senae
1212 4213 1250 4259 ep.
1269 4196 1343 4246 Tuae
1360 4196 1378 4246 i.
1398 4199 1438 4256 35,

231 4266 323 4329 points.
860 4264 912 4310 ceri
919 4263 1110 4322 emilanem
1119 4265 1221 4323 optimus
1232 4265 1440 4324 qaisquamccimc

265 4335 288 4380 l.
308 4329 482 4391 tamsaciunt.
498 4365 504 4376 .
520 4365 526 4378 .
540 4325 672 4402 salutaria]
699 4327 811 4376 Acodex
857 4329 999 4388 posteritati
1020 4329 1118 4387 mint,
1139 4343 1187 4375 eaeo
1206 4329 1308 4389 aliquid,
1328 4330 1395 4376 cuiue
1414 4329 1437 4374 is

230 4395 259 4446 oi
271 4394 402 4446 Turnebus
415 4395 465 4457 (sce
481 4392 521 4442 his
536 4393 693 4453 Adversane,
706 4390 760 4441 xvi.
774 4392 809 4454 8),
857 4398 1022 4453 postmortem
1034 4395 1170 4441 stemmati
1182 4392 1317 4441 habiturus.
