3022 5444
423 435 723 501 FRAGMENTA
748 432 1102 501 EPISTULARUM.
1301 439 1365 504 305

213 626 236 676 7.
255 623 329 674 Hanc
344 623 538 688 frequentiorem
553 621 726 687 repetitionem
741 622 839 683 πλοκήν
855 626 953 684 vocant,
965 638 1028 688 quae
1039 624 1069 674 tit
1083 639 1115 674 ex
1125 624 1255 689 permixtis
1265 627 1362 692 figuris,

163 711 240 771 utque
251 722 278 757 sa
288 706 363 756 habet
373 707 477 771 epistola
487 707 518 756 ad
530 705 649 756 Brutum:

228 797 302 884 Ego
325 821 398 864 oum
419 798 455 863 in
478 797 618 881 gretiam
637 796 788 862 redierim
808 818 882 861 oum
904 794 969 880 Ap.
992 795 1140 876 Claudio,
1159 801 1193 863 et
1211 799 1362 865 redierim

162 923 219 986 per
234 901 294 966 Cn.
311 900 514 987 Pompeium,

210 1004 236 1049 et

160 1097 222 1161 ego
237 1097 314 1161 ergo
329 1099 403 1140 cnm
417 1076 577 1142 redierim.
625 1074 732 1160 (idem
746 1075 792 1141 ix.
809 1076 840 1155 3,
853 1076 921 1159 41.)

209 1189 232 1234 8.
252 1186 321 1243 Quae
337 1204 381 1251 per
397 1185 573 1236 detractionem
592 1186 657 1236 finnt
676 1187 770 1250 figurae
786 1185 916 1236 brevitatis
935 1186 1104 1252 novitatisque
1121 1186 1231 1236 maxime
1254 1188 1361 1252 gratiam

157 1271 254 1331 petunt,
266 1284 371 1332 quarum
382 1273 488 1330 cnseat,
506 1284 563 1317 oum
579 1267 733 1319 subtractum
744 1266 848 1317 verbum
864 1267 965 1333 aliquod
981 1268 1041 1317 satis
1056 1284 1087 1317 ex
1096 1267 1184 1318 ceteris
1195 1267 1360 1334 intellegitur,

158 1354 188 1398 ut
199 1349 285 1399 Cicero
295 1350 327 1399 ad
338 1349 460 1399 Brutum:

222 1439 334 1506 Sermo
364 1440 474 1505 nullus
503 1439 622 1506 seilicet
651 1439 715 1506 nisi
740 1440 780 1506 de
806 1443 857 1519 te;
891 1440 970 1526 quid
1000 1440 1088 1507 enim
1117 1442 1251 1526 potius?
1287 1447 1361 1508 tum

157 1544 292 1610 Flavius
315 1547 418 1610 ‘oras'
443 1544 551 1630 inquii
574 1543 766 1623 ‘tabellarii
789 1550 822 1610 et
836 1567 898 1631 ego
926 1543 1047 1610 ibidem
1067 1544 1126 1610 hes
1145 1545 1232 1612 inter
1247 1568 1359 1612 oenam

156 1648 308 1713 exaravi!
355 1647 461 1734 (idem
475 1646 555 1713 ibid.
572 1648 587 1725 5
603 1647 668 1734 58.)

205 1780 228 1826 9.
247 1776 389 1827 Videndum
399 1793 431 1826 ne
442 1776 551 1842 syllabae
561 1776 632 1827 verbi
651 1775 740 1839 prioris
755 1775 859 1827 ultimae
875 1776 934 1839 sint,
945 1776 1039 1841 primae
1050 1776 1184 1842 sequentia.
1219 1777 1250 1828 Id
1260 1794 1293 1828 ne
1304 1778 1360 1843 quis

155 1858 264 1922 praecipi
276 1858 388 1920 miretur,
402 1857 515 1908 Ciceroni
524 1858 553 1907 in
563 1858 674 1923 epistolis
685 1857 795 1909 excidit:

224 1941 289 2007 Res
304 1940 386 2006 mibi
400 1941 523 2006 invisae
538 1941 627 2007 visae
642 1956 728 2021 sunt,
744 1941 857 2007 Brute.
906 1939 1014 2024 (Idem
1028 1941 1073 2006 ix.
1090 1944 1121 2022 4,
1138 1943 1205 2026 41.)

208 2061 247 2107 10.
267 2056 338 2114 Quod
350 2055 371 2106 si
388 2072 418 2105 ea
434 2055 461 2104 in
476 2070 574 2120 quoque
591 2054 737 2104 animalium
748 2060 786 2104 est
797 2053 886 2114 virtus,
899 2071 948 2119 qua
963 2059 1073 2118 praestat
1087 2060 1168 2106 cetera
1180 2056 1220 2107 vel
1233 2056 1359 2122 pleraque,

156 2144 186 2188 nt
196 2138 223 2186 in
233 2138 304 2188 leone
315 2138 430 2200 impetus,
444 2136 472 2185 in
483 2151 547 2200 cquo
559 2135 686 2196 velocibus,
699 2134 825 2186 hominem
841 2151 913 2199 porro
928 2136 1022 2186 ratione
1033 2140 1109 2200 atque
1120 2139 1230 2187 oratione
1240 2138 1360 2189 sacellam

155 2226 250 2270 certum
262 2224 307 2279 cst,
321 2236 366 2269 cur
376 2235 426 2268 non
442 2224 493 2267 tam
511 2218 537 2266 in
554 2218 696 2281 eloquentia
707 2233 783 2281 qnam
798 2217 826 2266 in
842 2217 937 2267 ratione
950 2217 1070 2267 virtutem
1086 2218 1140 2267 eius
1155 2234 1208 2268 esse
1224 2220 1359 2281 credamus,

156 2308 269 2365 recteque
285 2301 332 2350 hoc
349 2301 415 2363 apud
432 2300 577 2348 Ciceronem
593 2296 685 2348 dixcrst
702 2297 806 2348 Crassus
825 2300 878 2348 ‘cst
894 2297 960 2348 onim
972 2297 1114 2362 eloquentia
1126 2315 1178 2349 uns
1193 2301 1314 2364 quasdam
1330 2302 1361 2351 de

155 2381 259 2431 summis
269 2380 425 2441 virtutibus,'
438 2386 463 2429 ct
480 2379 532 2442 ipse
548 2378 634 2429 Cicero
649 2395 694 2428 sua
710 2394 814 2442 persona
829 2396 885 2429 cum
902 2381 934 2429 ad
951 2379 1058 2430 Brutum
1071 2380 1099 2430 in
1112 2380 1223 2445 epistolis
1239 2388 1292 2432 tum
1304 2382 1361 2432 aliis

154 2462 229 2513 etiarn
240 2463 301 2513 locis
312 2462 433 2512 virtutem
445 2478 499 2511 eam
510 2460 639 2524 appellet?
672 2460 755 2524 (Idam
767 2460 794 2510 ii.
808 2464 848 2522 20,
863 2464 877 2510 9
889 2463 938 2525 sq.)

206 2569 243 2614 ll.
262 2565 322 2615 Tres
333 2564 409 2613 libros
425 2563 598 2630 [epistolarum
615 2561 740 2612 Ciceronis
755 2569 926 2627 excerptamm
940 2579 955 2614 a
969 2563 1114 2629 Frontone],
1127 2565 1190 2615 duos
1200 2567 1232 2615 ad
1243 2566 1359 2628 Brutum,

155 2664 233 2697 unum
248 2648 279 2698 ad
296 2645 397 2708 Axium,
410 2645 516 2695 describi
532 2644 639 2707 iubebis,
656 2644 678 2694 si
693 2644 754 2707 quid
769 2644 806 2695 rei
822 2661 875 2695 essa
887 2644 1021 2705 videbitur,
1038 2651 1065 2696 et
1080 2645 1191 2697 remittes
1203 2647 1283 2710 mihi;
1301 2664 1359 2698 nam

154 2729 305 2793 exemplares
316 2744 400 2778 eorum
412 2733 585 2790 excerptorum
595 2726 678 2777 nullos
688 2726 748 2777 ieci.
784 2727 889 2792 (Fronto
900 2742 926 2790 p.
942 2727 988 2778 107
1000 2726 1104 2793 Nabar.)

305 2860 370 2927 IX.
417 2860 636 2924 Fnsennnre
658 2859 772 2926 Emer.
792 2859 907 2926 Bnurr
929 2881 974 2924 sn
997 2858 1207 2926 C1csaonars.

204 2987 226 3032 1.
246 2981 387 3045 Composita
403 2981 434 3030 ab
447 2996 476 3030 eo
489 2979 588 3044 (status)
600 2979 669 3030 varie
685 2979 849 3031 vetustissimi
865 2981 1030 3045 protulerunt,
1045 2986 1149 3044 praesto,
1168 2981 1315 3046 praestitum
1331 2989 1357 3034 st

152 3070 311 3127 praestatum.
346 3061 441 3112 Brutus
452 3061 479 3111 in
491 3061 615 3126 epistolis:

219 3146 330 3211 Occiso
352 3144 387 3209 C.
406 3145 552 3224 Caesare,
573 3148 744 3230 postquem
765 3165 854 3209 mare
872 3144 1054 3220 transierat,
1071 3149 1271 3229 praestatum
1296 3151 1354 3212 est.

154 3249 349 3331 (Priscianus
364 3249 407 3313 ix.
426 3250 456 3329 7,
473 3249 514 3312 38
530 3280 552 3300 =
567 3250 599 3328 2,
614 3249 689 3328 474,
706 3248 726 3311 3
742 3246 802 3332 Κ.)

186 3414 209 3462 7.
227 3409 357 3474 πλοκήν]
392 3424 430 3472 cp.
444 3408 497 3457 xvi.
511 3410 534 3465 8,
547 3408 636 3458 below.
776 3415 853 3469 taxat,
874 3409 959 3471 quibus
976 3412 1061 3458 ionersi
1078 3412 1160 3471 aliqua
1176 3412 1204 3458 dc
1220 3413 1353 3474 clepusntia

184 3475 282 3540 fipnris]
317 3475 367 3523 Fer
381 3474 423 3522 the
434 3489 496 3538 very
508 3474 629 3523 extended
645 3473 729 3524 useoi
775 3476 813 3522 cci
831 3475 1039 3534 philosophasset
1061 3476 1088 3521 dc
1107 3491 1133 3521 rs
1147 3490 1176 3534 p.
1196 3477 1350 3536 disputatio:

150 3541 202 3590 this
221 3543 289 3590 word
311 3539 337 3588 in
360 3538 509 3599 Quintilian,
533 3555 572 3601 cp.
590 3538 625 3587 ix.
650 3543 672 3600 l,
695 3542 720 3599 4,
772 3548 898 3601 marteres
914 3541 995 3600 siquid
1009 3541 1110 3600 cleqnnti
1120 3546 1163 3586 snt
1171 3541 1240 3588 certo
1250 3543 1351 3590 instabili

144 3605 286 3667 siana,
306 3606 616 3664 sicntnomincipsepatet,
630 3603 724 3664 confor-
775 3605 866 3652 dictans
884 3606 1013 3662 rideretur,
1034 3606 1146 3663 excerpsi.
1184 3605 1248 3660 Quas
1265 3607 1293 3653 in
1305 3622 1352 3654 usu

151 3674 224 3717 acatio
234 3673 346 3731 pinsatum
358 3671 474 3717 erationis
482 3674 570 3716 remote
584 3685 599 3715 a
610 3671 725 3717 cornsnnni
776 3684 824 3718 msa
833 3671 865 3716 ad
876 3683 970 3715 manrsm
978 3674 1048 3715 erant
1059 3674 1166 3728 excerpta
1178 3670 1234 3717 enni
1246 3670 1299 3719 tihi.

150 3741 173 3782 ct
181 3737 290 3794 pristiam
300 3751 323 3781 se
333 3735 441 3795 ejici-ente
452 3736 554 3780 ratione.
808 3733 915 3796 Axium]
949 3748 990 3781 see
1003 3731 1091 3791 below,
1105 3747 1155 3780 x11.

183 3798 250 3864 erqo]
279 3797 725 3860 Forthisrosumptiveusaop.note
808 3800 900 3858 siquid
911 3800 945 3844 rci
957 3814 1004 3845 sssc
1014 3796 1145 3861 videbitur]
1173 3796 1348 3874 ‘ifanytbing

151 3868 178 3912 to
190 3864 242 3912 Att.
257 3863 275 3912 i.
291 3865 414 3921 10,1(6).
775 3861 1164 3923 aermenbeotimportancc:
1197 3864 1348 3928 Reimpre·

184 3930 207 3976 8.
228 3927 340 3992 Flavius]
373 3925 487 3989 Possibly
509 3925 551 3976 the
573 3942 631 3975 man
653 3942 723 3977 men·
775 3928 882 3976 dicativo
898 3927 991 3986 dative,
1009 3926 1059 3974 like
1076 3929 1138 3986 usui,
1158 3926 1202 3976 ‘of
1222 3927 1290 3978 use’:
1309 3944 1349 3992 op.

151 3992 235 4042 tioncd
247 3993 272 4042 in
285 3995 339 4041 An.
353 3992 397 4040 xii.
414 3993 441 4042 li
456 3992 534 4103 pido).
776 3990 850 4056 Baby
863 3990 901 4051 ii.,
914 4008 939 4056 p.
953 3990 1042 4039 xxxvi.

185 4058 275 4116 ‘crcs,'
298 4060 385 4119 inquit,
412 4060 453 4103 ‘ta
470 4059 550 4104 ellarii
558 4054 579 4121 ⁹]
612 4071 647 4105 se.
665 4073 724 4118 pro·
802 4054 866 4121 scri]
902 4058 972 4104 efter
982 4053 1032 4104 this
1048 4053 1147 4103 follows
1159 4054 1203 4106 the
1214 4057 1295 4106 words
1313 4073 1351 4107 we

144 4125 299 4183 ficiscentur:
326 4141 364 4183 cp.
385 4122 438 4169 An.
459 4137 483 4169 v.
503 4125 543 4178 21,
563 4124 577 4169 9
600 4122 677 4183 (250),
697 4137 726 4170 cr
775 4121 839 4170 have
851 4121 941 4183 quoted
953 4136 980 4168 aa
994 4119 1160 4184 introductory
1172 4127 1199 4171 to
1214 4121 1257 4171 the
1269 4122 1349 4172 whole

150 4188 236 4236 Idibus
247 4190 325 4235 illiciis
334 4190 360 4235 in
375 4189 484 4235 Ciliciam
497 4190 540 4248 (sc.
549 4187 709 4250 proficiscar).
776 4186 1100 4248 correspondcnce-Cmncs
1127 4193 1205 4234 arctam
1231 4188 1351 4236 Ciceronis

185 4256 223 4300 10.
245 4252 354 4317 Crassus]
388 4267 427 4313 cp.
439 4250 477 4300 De
489 4250 557 4300 Orat.
570 4250 608 4298 iii.
621 4252 661 4299 55.
775 4252 887 4312 epistolas
899 4252 1007 4312 bqsndas
1019 4265 1095 4298 certeco
1107 4265 1157 4297 raca
1171 4254 1296 4312 sententia,
1315 4254 1353 4302 vei

186 4320 224 4365 11.
246 4316 399 4381 Tresliiros]
433 4315 487 4364 The
498 4315 630 4378 preceding
647 4316 726 4365 words
775 4317 1207 4377 mucisqucrnornneses'nscrationcs.
1231 4318 1350 4378 Epistciis

150 4381 178 4431 of
194 4382 287 4431 Fronto
297 4398 338 4431 are
349 4380 430 4430 worth
441 4380 680 4444 quoting—Memini
691 4396 727 4429 ms
778 4382 896 4430 Ciceronis
907 4382 972 4429 nihil
981 4386 1016 4429 ssi
1023 4382 1165 4441 perfectius.

151 4450 290 4509 esenpsissc
307 4462 335 4496 sc
354 4448 471 4496 Ciceronis
490 4447 596 4508 epistolis
612 4461 639 4494 cs
655 4447 725 4495 dum·
809 4461 847 4496 11.
866 4449 888 4494 l.
902 4442 1064 4510 praeratum]
1098 4444 1351 4497 Thisiormisiound

218 4543 277 4579 vor..
290 4543 327 4578 vi.
1198 4526 1223 4577 X
