3022 5444
475 404 677 470 oneror.
704 404 820 487 (Arc.
845 405 926 471 rr.
949 406 993 468 13
1004 406 1049 485 a).

246 810 443 879 DCCXCV.
490 812 661 879 CICERO
684 812 743 879 ΤΟ
768 811 968 879 ATTICUS
994 815 1091 899 (Aur.
1116 818 1279 902 xv.1aa).

212 1047 381 1107 rurn0n13
405 1048 551 1091 omoanu
566 1048 671 1105 arr-293
696 1050 728 1092 a.
746 1049 779 1092 n.
797 1049 824 1093 c.
842 1046 911 1107 7103
936 1048 966 1093 u.
984 1049 1010 1093 c.
1028 1050 1079 1109 443
1103 1053 1177 1097 aar.
1195 1053 1255 1097 cro.
1272 1052 1313 1099 aa.

207 1236 245 1286 Do
264 1237 405 1298 Dolabella,
418 1240 448 1288 cle
464 1238 535 1289 libris
551 1240 604 1288 suis
615 1242 652 1289 De
666 1243 760 1303 Officiis,
780 1239 810 1290 de
827 1241 915 1291 itinere
930 1258 985 1302 suo,
1002 1243 1033 1293 da
1049 1258 1124 1293 causa
1135 1243 1243 1309 Myrtili,
1261 1243 1368 1311 deniquo

155 1321 186 1366 de
198 1317 309 1369 oratione
320 1321 352 1369 ad
361 1319 473 1370 Atticum
483 1320 640 1384 perferenda.

573 1511 705 1566 CICERO
724 1511 856 1567 ATTICO
875 1512 952 1567 SAL.

225 1659 257 1721 5.
281 1657 456 1724 Dolabella
480 1661 530 1724 vir
553 1659 695 1745 optimus
716 1665 775 1726 est.
821 1661 906 1742 Etsi,
926 1684 999 1728 oum
1023 1662 1201 1729 scribebam
1227 1664 1368 1730 secunda

167 1782 279 1825 mensa
295 1762 454 1846 apposita,
470 1763 594 1828 venisse
613 1787 686 1829 eum
702 1765 744 1829 ad
759 1762 860 1831 Baias
878 1765 1060 1846 audiebam,
1076 1771 1186 1833 tamen
1202 1768 1246 1832 ad
1259 1789 1312 1832 me
1326 1789 1367 1832 ex

161 1862 340 1930 Formiano
362 1866 499 1951 scripsit,
523 1889 604 1952 quas
625 1868 761 1949 litteras,
784 1891 858 1935 cum
884 1892 902 1935 e
927 1868 1056 1937 balineo
1079 1873 1227 1950 exissem,
1250 1871 1368 1956 aooepi,

159 1990 227 2032 sese
254 1969 295 2033 de
321 1968 534 2036 attributione
560 1971 670 2035 omnia
693 1994 820 2038 summa
843 1973 975 2040 fecisse:
1009 1973 1202 2040 Vettianum
1229 1978 1367 2053 accusat,

155 2071 292 2136 tricatur
314 2073 444 2149 scilicet,
461 2079 499 2138 ut
522 2075 702 2140 monetalis.
748 2075 814 2141 Sed
835 2077 882 2142 ait
904 2081 1010 2142 totum
1032 2078 1202 2163 negotium
1225 2076 1367 2143 Sestium

157 2182 306 2240 nostrum
322 2178 506 2263 suscepisse,
519 2179 680 2264 optimum
695 2179 826 2265 quidem
841 2180 936 2245 illum
950 2182 1056 2246 virum
1073 2181 1239 2265 nostrique
1254 2200 1367 2244 amau·

157 2278 331 2345 tissimum.
379 2280 509 2352 Quaero
532 2287 643 2348 autem
665 2283 744 2369 quid
767 2285 900 2348 tandem
923 2282 1047 2349 Sestius
1069 2284 1104 2349 in
1129 2283 1187 2349 hac
1204 2306 1239 2348 re
1261 2282 1366 2348 facere

154 2381 267 2466 possit,
284 2384 372 2470 quod
386 2408 453 2451 non
469 2387 575 2472 quivIs
589 2387 764 2452 nostrum?
808 2384 883 2464 Sed,
900 2386 927 2451 si
950 2386 1030 2471 quid
1045 2392 1173 2472 praeter
1187 2407 1277 2472 spem
1292 2384 1365 2463 erit,

152 2487 254 2552 iacies
272 2494 309 2553 nt
332 2489 441 2554 sciam.
489 2489 548 2555 sin
570 2496 628 2570 est,
644 2497 681 2555 ut
702 2489 851 2566 arbitror,
871 2491 1040 2575 negotium
1059 2490 1233 2575 perditum,
1248 2487 1366 2554 scribes

152 2597 276 2671 tamen,
300 2615 405 2679 neque
432 2595 494 2658 ista
516 2618 567 2659 res
590 2592 813 2659 commovebit.
861 2594 892 2657 6.
915 2591 986 2657 Nos
1007 2591 1060 2656 hio
1080 2593 1365 2677 φιλοσοφοῦμεν-

154 2695 235 2780 quid
250 2698 338 2761 enim
351 2698 440 2762 aliud
451 2698 545 2764 P-et
559 2699 598 2763 τὰ
615 2704 683 2783 περὶ
701 2705 756 2761 τοῦ
768 2695 962 2774 καθήκοντος
977 2696 1149 2781 magnifice
1165 2695 1364 2780 explicamus

151 2809 471 2886 rpoapooor'ruevque
496 2802 652 2866 Ciceroni.
699 2800 775 2873 Oua
797 2801 837 2866 de
862 2823 897 2865 re
917 2800 1006 2866 enim
1027 2799 1135 2884 potius
1152 2805 1245 2884 pater
1268 2798 1363 2864 filio?

153 2899 283 2968 Deinde
314 2904 388 2968 alia.
450 2903 538 2975 Ouid
570 2905 723 2989 quaeris?
782 2903 936 2969 Exstabit
966 2926 1064 2989 opera
1092 2900 1363 2988 peregrinationis

149 3005 258 3072 huius.
296 3006 480 3073 Varronem
496 3007 592 3073 hodie
607 3011 664 3072 aut
679 3029 748 3072 cras
763 3013 937 3073 venturum
952 3005 1122 3093 putabant.
1161 3005 1236 3091 Ego
1251 3010 1360 3070 antem

149 3109 186 3175 in
201 3109 439 3196 Pompeianum
455 3110 678 3197 properabam,
691 3133 757 3176 non
773 3134 836 3197 quo
852 3110 912 3176 hoo
927 3112 996 3177 looo
1012 3110 1190 3196 quidquam
1205 3107 1359 3195 pulcrius,

150 3215 206 3277 sed
237 3213 496 3299 interpellatores
525 3213 593 3278 illio
623 3215 731 3279 minus
760 3214 899 3280 molesti.
945 3214 1009 3279 Sed
1034 3213 1203 3298 perscribe,
1230 3232 1358 3297 quaeso,

151 3337 233 3399 quae
249 3340 345 3381 causa
366 3317 409 3381 sit
423 3315 721 3403 Myrtili—poenas
741 3319 872 3403 quidem
889 3316 983 3383 illum
999 3318 1190 3403 pependisse
1205 3315 1360 3382 audiri-

183 3533 205 3579 5.
225 3530 342 3596 optimus]
367 3537 399 3580 ‘a
409 3533 459 3582 fine
470 3531 575 3593 iellow,’
587 3531 726 3596 ironically,
781 3531 918 3595 Lehmann,
933 3533 1021 3580 16-18.

148 3595 174 3644 in
188 3596 314 3646 reference
327 3596 404 3646 tohis
418 3597 730 3663 slownessiupayiughis
813 3600 837 3645 6.
855 3595 968 3662 Nostia]
1006 3594 1036 3644 ‘l
1053 3592 1207 3658 amdaepin
1222 3591 1358 3705 mpphilo·

145 3659 226 3708 debts.
780 3662 858 3725 sophy
878 3660 946 3720 here,
968 3659 1066 3724 getting
1084 3674 1117 3708 on
1136 3657 1276 3721 splendrdy
1295 3657 1357 3707 with

180 3725 352 3792 attributione]
395 3742 437 3775 sce
459 3743 492 3775 on
514 3728 568 3776 stt.
593 3726 644 3776 xvi.
670 3728 693 3784 3,
715 3728 729 3776 ὁ
779 3725 872 3776 thena
885 3726 979 3787 Officiis,
998 3723 1081 3773 which
1099 3722 1112 3771 l
1129 3720 1359 3785 arndcdioatingto

147 3789 227 3852 (77³).
780 3807 825 3855 my
841 3806 899 3839 son:
918 3805 950 3839 on
971 3789 1039 3838 what
1054 3787 1136 3836 thome
1154 3786 1226 3836 could
1242 3801 1257 3834 a
1273 3785 1357 3836 father

182 3858 365 3903 marriacumma
402 3855 561 3919 acolloquial
572 3854 677 3918 phrase:
691 3871 731 3905 see
780 3851 1160 3918 moralitlyaddresshissonl'

148 3922 191 3966 Cr.
216 3919 244 3968 ii.
266 3922 307 3969 85.
377 3920 495 3984 enright
516 3937 561 3984 say
589 3920 645 3968 ‘hIs
666 3920 731 3969 level
815 3920 907 3967 Deinde
924 3917 988 3983 alia]
1025 3916 1116 3965 ‘when
1133 3917 1154 3964 it
1172 3913 1194 3964 is
1213 3913 1356 3965 finishedI

146 3984 221 4034 hos-t)
782 3983 847 4033 shall
869 3999 901 4047 go
923 3999 955 4032 ou
973 3991 1000 4031 to
1017 3996 1083 4031 soma
1102 3996 1159 4030 narr
1179 3979 1256 4029 work.
1290 3978 1323 4028 In
1341 3994 1358 4029 a

182 4048 320 4114 morretah's]
355 4052 545 4097 aeeonAtt.x.
562 4050 728 4112 11,5(396);
782 4049 858 4109 word,
878 4047 947 4096 there
967 4046 1020 4095 will
1037 4046 1068 4095 ba
1085 4044 1207 4095 somethin
1244 4050 1271 4094 to
1288 4043 1358 4093 show

150 4115 196 4161 ‘os
204 4130 291 4162 course
304 4115 334 4161 he
346 4112 391 4162 has
402 4113 442 4161 his
451 4115 543 4175 dodgcs
556 4115 604 4177 (lor
615 4114 731 4178 delaying
781 4113 822 4163 for
833 4130 875 4177 my
886 4111 970 4175 period
981 4111 1009 4161 ol
1019 4110 1122 4160 absence
1133 4109 1198 4159 imm
1209 4060 1307 4160 lioma’

149 4180 289 4242 preparent),
303 4178 354 4226 like
365 4195 380 4227 a
392 4185 448 4227 true
462 4178 666 4227 business-man)
815 4176 930 4242 Myrtili]
964 4176 1040 4225 From
1055 4176 1110 4224 An.
1126 4174 1178 4223 xri.
1194 4178 1231 4234 ll,
1247 4176 1261 4223 5
1279 4176 1359 4237 (799),

183 4242 342 4308 camaracchit]
373 4243 437 4292 Boot
449 4242 531 4291 would
542 4242 619 4292 insert
630 4259 673 4302 me,
687 4242 733 4291 hut
784 4258 822 4291 we
833 4258 890 4304 may
903 4239 991 4305 guther
1000 4240 1056 4290 that
1067 4239 1189 4303 Myrtilus
1203 4238 1362 4289 wasaslavo

148 4307 192 4356 tho
204 4306 322 4356 omission
334 4307 362 4355 of
378 4307 421 4356 tha
433 4307 515 4370 ohject
527 4307 555 4356 ot
570 4325 585 4355 a
602 4306 733 4357 transitiva
783 4307 865 4356 whom
877 4308 981 4370 Antony
992 4305 1130 4368 suspected,
1146 4319 1174 4354 or
1187 4304 1320 4366 pretended
1335 4311 1362 4352 to

150 4372 210 4420 rerb
235 4374 256 4420 is
279 4389 294 4420 a
316 4372 500 4421 characteristic
524 4372 622 4421 feature
641 4372 668 4421 of
690 4371 734 4421 the
784 4379 890 4486 suspect,
904 4371 932 4421 oi
947 4386 963 4419 a
978 4371 1065 4434 dasign
1082 4376 1109 4419 to
1125 4368 1198 4418 make
1214 4374 1363 4430 mattampt

150 4435 243 4487 letters.
257 4452 285 4485 aa
298 4436 344 4485 has
359 4437 420 4486 been
432 4436 588 4500 abundantly
599 4435 687 4486 shown
699 4435 733 4500 by
784 4452 816 4486 on
846 4432 1111 4497 lslile,subornsdby
1123 4433 1156 4483 D.
1170 4434 1271 4481 Brutus.
