<?xml version="1.0" encoding="UTF-8"?>
<!DOCTYPE html PUBLIC "-//W3C//DTD XHTML 1.0 Transitional//EN"
    "http://www.w3.org/TR/xhtml1/DTD/xhtml1-transitional.dtd">
<html xmlns="http://www.w3.org/1999/xhtml" xml:lang="en" lang="en">
 <head>
  <title>
</title>
<meta http-equiv="Content-Type" content="text/html;charset=utf-8" />
  <meta name='ocr-system' content='tesseract 3.04.00' />
  <meta name='ocr-capabilities' content='ocr_page ocr_carea ocr_par ocr_line ocrx_word'/>
</head>
<body>
  <div class='ocr_page' id='page_1' title='image "./correspondencem01cicegoog_0399.png"; bbox 0 0 3044 5002; ppageno 0'>
   <div class='ocr_carea' id='block_1_1' title="bbox 208 336 1140 424">
    <p class='ocr_par' dir='ltr' id='par_1_1' title="bbox 208 336 1140 424">
     <span class='ocr_line' id='line_1_1' title="bbox 208 336 1140 424; baseline 0.001 -20"><span class='ocrx_word' id='word_1_1' title='bbox 208 338 273 405; x_wconf 84' lang='lat'><strong>280</strong></span> <span class='ocrx_word' id='word_1_2' title='bbox 480 336 771 408; x_wconf 69' lang='lat' dir='ltr'><strong>nooooxxrr.</strong></span> <span class='ocrx_word' id='word_1_3' title='bbox 797 339 921 424; x_wconf 68' lang='lat' dir='ltr'><strong>(rau.</strong></span> <span class='ocrx_word' id='word_1_4' title='bbox 944 338 1047 406; x_wconf 72' lang='lat' dir='ltr'><strong>xri.</strong></span> <span class='ocrx_word' id='word_1_5' title='bbox 1071 337 1140 424; x_wconf 87' lang='lat'><strong>10).</strong></span> 
     </span>
    </p>
   </div>
   <div class='ocr_carea' id='block_1_2' title="bbox 206 523 1416 1236">
    <p class='ocr_par' dir='ltr' id='par_1_2' title="bbox 206 523 1416 821">
     <span class='ocr_line' id='line_1_2' title="bbox 206 523 1416 615; baseline -0.003 -23"><span class='ocrx_word' id='word_1_6' title='bbox 206 525 358 593; x_wconf 82' lang='lat' dir='ltr'>lubenter</span> <span class='ocrx_word' id='word_1_7' title='bbox 371 531 405 593; x_wconf 92' lang='lat' dir='ltr'><strong>te</strong></span> <span class='ocrx_word' id='word_1_8' title='bbox 418 527 529 615; x_wconf 88' lang='lat' dir='ltr'><strong>legere</strong></span> <span class='ocrx_word' id='word_1_9' title='bbox 543 547 644 614; x_wconf 89' lang='lat' dir='ltr'><strong>posse.</strong></span> <span class='ocrx_word' id='word_1_10' title='bbox 677 524 858 613; x_wconf 84' lang='lat' dir='ltr'><strong>Ingenium</strong></span> <span class='ocrx_word' id='word_1_11' title='bbox 871 529 978 607; x_wconf 87' lang='lat' dir='ltr'><strong>tuum,</strong></span> <span class='ocrx_word' id='word_1_12' title='bbox 993 527 1082 613; x_wconf 92' lang='lat' dir='ltr'><strong>quod</strong></span> <span class='ocrx_word' id='word_1_13' title='bbox 1096 547 1158 612; x_wconf 91' lang='lat' dir='ltr'><strong>ego</strong></span> <span class='ocrx_word' id='word_1_14' title='bbox 1171 523 1308 591; x_wconf 81' lang='lat' dir='ltr'><strong>maximi</strong></span> <span class='ocrx_word' id='word_1_15' title='bbox 1316 523 1416 601; x_wconf 83' lang='lat' dir='ltr'><strong>faeie,</strong></span> 
     </span>
     <span class='ocr_line' id='line_1_3' title="bbox 206 629 1416 718; baseline -0.004 -21"><span class='ocrx_word' id='word_1_16' title='bbox 206 630 318 697; x_wconf 86' lang='lat' dir='ltr'><strong>oonfer</strong></span> <span class='ocrx_word' id='word_1_17' title='bbox 339 631 383 698; x_wconf 91' lang='lat' dir='ltr'><strong>ad</strong></span> <span class='ocrx_word' id='word_1_18' title='bbox 405 635 439 697; x_wconf 90' lang='lat' dir='ltr'><strong>te</strong></span> <span class='ocrx_word' id='word_1_19' title='bbox 462 630 545 697; x_wconf 91' lang='lat' dir='ltr'><strong>mihi</strong></span> <span class='ocrx_word' id='word_1_20' title='bbox 567 630 694 718; x_wconf 89' lang='lat' dir='ltr'><strong>tibique</strong></span> <span class='ocrx_word' id='word_1_21' title='bbox 719 631 986 697; x_wconf 86' lang='lat' dir='ltr'><strong>oonservendum.</strong></span> <span class='ocrx_word' id='word_1_22' title='bbox 1032 630 1120 697; x_wconf 84' lang='lat' dir='ltr'><strong>Oura</strong></span> <span class='ocrx_word' id='word_1_23' title='bbox 1138 635 1172 695; x_wconf 89' lang='lat' dir='ltr'><strong>te</strong></span> <span class='ocrx_word' id='word_1_24' title='bbox 1195 629 1294 696; x_wconf 83' lang='lat' dir='ltr'><strong>etiam</strong></span> <span class='ocrx_word' id='word_1_25' title='bbox 1315 633 1416 714; x_wconf 87' lang='lat' dir='ltr'><strong>atque</strong></span> 
     </span>
     <span class='ocr_line' id='line_1_4' title="bbox 206 732 654 821; baseline 0 -22"><span class='ocrx_word' id='word_1_26' title='bbox 206 734 306 800; x_wconf 89' lang='lat' dir='ltr'><strong>etiam</strong></span> <span class='ocrx_word' id='word_1_27' title='bbox 328 733 514 821; x_wconf 73' lang='lat' dir='ltr'><strong>diligenter.</strong></span> <span class='ocrx_word' id='word_1_28' title='bbox 558 732 654 803; x_wconf 84' lang='lat' dir='ltr'><strong>Vale.</strong></span> 
     </span>
    </p>

    <p class='ocr_par' dir='ltr' id='par_1_3' title="bbox 206 836 1416 1236">
     <span class='ocr_line' id='line_1_5' title="bbox 274 836 1413 925; baseline -0.001 -23"><span class='ocrx_word' id='word_1_29' title='bbox 274 839 304 904; x_wconf 84' lang='lat'><strong>2.</strong></span> <span class='ocrx_word' id='word_1_30' title='bbox 328 836 459 925; x_wconf 79' lang='lat' dir='ltr'><strong>Seripta</strong></span> <span class='ocrx_word' id='word_1_31' title='bbox 472 838 539 904; x_wconf 89' lang='lat' dir='ltr'><strong>iam</strong></span> <span class='ocrx_word' id='word_1_32' title='bbox 551 837 688 920; x_wconf 87' lang='lat' dir='ltr'><strong>epistola</strong></span> <span class='ocrx_word' id='word_1_33' title='bbox 703 837 844 904; x_wconf 88' lang='lat' dir='ltr'><strong>Hermia</strong></span> <span class='ocrx_word' id='word_1_34' title='bbox 853 838 953 904; x_wconf 86' lang='lat' dir='ltr'><strong>venit.</strong></span> <span class='ocrx_word' id='word_1_35' title='bbox 986 837 1122 924; x_wconf 88' lang='lat' dir='ltr'><strong>Aeeepit</strong></span> <span class='ocrx_word' id='word_1_36' title='bbox 1136 841 1228 903; x_wconf 86' lang='lat' dir='ltr'><strong>tuam</strong></span> <span class='ocrx_word' id='word_1_37' title='bbox 1242 836 1413 922; x_wconf 85' lang='lat' dir='ltr'><strong>epistolem</strong></span> 
     </span>
     <span class='ocr_line' id='line_1_6' title="bbox 207 940 1416 1028; baseline -0.001 -22"><span class='ocrx_word' id='word_1_38' title='bbox 207 941 438 1008; x_wconf 78' lang='lat' dir='ltr'><strong>resilientibus</strong></span> <span class='ocrx_word' id='word_1_39' title='bbox 458 941 624 1021; x_wconf 85' lang='lat' dir='ltr'><strong>litterulis,</strong></span> <span class='ocrx_word' id='word_1_40' title='bbox 646 963 707 1008; x_wconf 93' lang='lat' dir='ltr'><strong>neo</strong></span> <span class='ocrx_word' id='word_1_41' title='bbox 727 943 849 1009; x_wconf 90' lang='lat' dir='ltr'><strong>mirum</strong></span> <span class='ocrx_word' id='word_1_42' title='bbox 863 946 932 1008; x_wconf 92' lang='lat' dir='ltr'><strong>tam</strong></span> <span class='ocrx_word' id='word_1_43' title='bbox 948 943 1043 1028; x_wconf 84' lang='lat' dir='ltr'><strong>gravi</strong></span> <span class='ocrx_word' id='word_1_44' title='bbox 1064 941 1187 1008; x_wconf 92' lang='lat' dir='ltr'><strong>morbo.</strong></span> <span class='ocrx_word' id='word_1_45' title='bbox 1233 940 1308 1028; x_wconf 86' lang='lat' dir='ltr'><strong>Ego</strong></span> <span class='ocrx_word' id='word_1_46' title='bbox 1323 941 1366 1006; x_wconf 85' lang='lat' dir='ltr'><strong>ed</strong></span> <span class='ocrx_word' id='word_1_47' title='bbox 1380 943 1416 1005; x_wconf 89' lang='lat' dir='ltr'><strong>te</strong></span> 
     </span>
     <span class='ocr_line' id='line_1_7' title="bbox 206 1043 1413 1133; baseline 0 -23"><span class='ocrx_word' id='word_1_48' title='bbox 206 1045 398 1132; x_wconf 77' lang='lat' dir='ltr'><strong>Aegyptam</strong></span> <span class='ocrx_word' id='word_1_49' title='bbox 421 1045 506 1126; x_wconf 89' lang='lat' dir='ltr'><strong>misi,</strong></span> <span class='ocrx_word' id='word_1_50' title='bbox 533 1047 621 1133; x_wconf 91' lang='lat' dir='ltr'><strong>quod</strong></span> <span class='ocrx_word' id='word_1_51' title='bbox 646 1068 707 1112; x_wconf 91' lang='lat' dir='ltr'><strong>nee</strong></span> <span class='ocrx_word' id='word_1_52' title='bbox 732 1044 931 1112; x_wconf 84' lang='lat' dir='ltr'><strong>inhumanus</strong></span> <span class='ocrx_word' id='word_1_53' title='bbox 957 1049 1006 1111; x_wconf 91' lang='lat' dir='ltr'><strong>est</strong></span> <span class='ocrx_word' id='word_1_54' title='bbox 1032 1051 1065 1112; x_wconf 96' lang='lat' dir='ltr'><strong>et</strong></span> <span class='ocrx_word' id='word_1_55' title='bbox 1087 1050 1120 1111; x_wconf 86' lang='lat' dir='ltr'><strong>te</strong></span> <span class='ocrx_word' id='word_1_56' title='bbox 1145 1045 1235 1112; x_wconf 85' lang='lat' dir='ltr'><strong>visus</strong></span> <span class='ocrx_word' id='word_1_57' title='bbox 1257 1050 1306 1111; x_wconf 90' lang='lat' dir='ltr'><strong>est</strong></span> <span class='ocrx_word' id='word_1_58' title='bbox 1330 1043 1413 1110; x_wconf 86' lang='lat' dir='ltr'><strong>mibi</strong></span> 
     </span>
     <span class='ocr_line' id='line_1_8' title="bbox 207 1148 1379 1236; baseline -0.003 -21"><span class='ocrx_word' id='word_1_59' title='bbox 207 1148 355 1235; x_wconf 88' lang='lat' dir='ltr'><strong>diligere,</strong></span> <span class='ocrx_word' id='word_1_60' title='bbox 369 1153 408 1216; x_wconf 93' lang='lat' dir='ltr'><strong>ut</strong></span> <span class='ocrx_word' id='word_1_61' title='bbox 422 1149 451 1216; x_wconf 90' lang='lat' dir='ltr'><strong>is</strong></span> <span class='ocrx_word' id='word_1_62' title='bbox 464 1154 573 1217; x_wconf 91' lang='lat' dir='ltr'><strong>teeum</strong></span> <span class='ocrx_word' id='word_1_63' title='bbox 588 1153 681 1228; x_wconf 90' lang='lat' dir='ltr'><strong>esset,</strong></span> <span class='ocrx_word' id='word_1_64' title='bbox 696 1153 730 1216; x_wconf 90' lang='lat' dir='ltr'><strong>et</strong></span> <span class='ocrx_word' id='word_1_65' title='bbox 744 1171 818 1216; x_wconf 92' lang='lat' dir='ltr'><strong>eum</strong></span> <span class='ocrx_word' id='word_1_66' title='bbox 834 1172 872 1217; x_wconf 92' lang='lat' dir='ltr'><strong>eo</strong></span> <span class='ocrx_word' id='word_1_67' title='bbox 887 1171 1008 1231; x_wconf 88' lang='lat' dir='ltr'><strong>eooum,</strong></span> <span class='ocrx_word' id='word_1_68' title='bbox 1024 1171 1089 1236; x_wconf 90' lang='lat' dir='ltr'><strong>quo</strong></span> <span class='ocrx_word' id='word_1_69' title='bbox 1103 1153 1240 1216; x_wconf 80' lang='lat' dir='ltr'><strong>uterere.</strong></span> <span class='ocrx_word' id='word_1_70' title='bbox 1285 1148 1379 1216; x_wconf 87' lang='lat' dir='ltr'><strong>Vale.</strong></span> 
     </span>
    </p>
   </div>
   <div class='ocr_carea' id='block_1_3' title="bbox 303 1566 1314 1655">
    <p class='ocr_par' dir='ltr' id='par_1_4' title="bbox 303 1566 1314 1655">
     <span class='ocr_line' id='line_1_9' title="bbox 303 1566 1314 1655; baseline 0.002 -21"><span class='ocrx_word' id='word_1_71' title='bbox 303 1566 585 1637; x_wconf 77' lang='lat' dir='ltr'><strong>Dooooxva.</strong></span> <span class='ocrx_word' id='word_1_72' title='bbox 631 1567 802 1636; x_wconf 77' lang='lat' dir='ltr'>CICERO</span> <span class='ocrx_word' id='word_1_73' title='bbox 825 1568 884 1636; x_wconf 79' lang='grc' dir='ltr'><strong>ΤΟ</strong></span> <span class='ocrx_word' id='word_1_74' title='bbox 906 1567 1020 1635; x_wconf 81' lang='lat' dir='ltr'>TIRO</span> <span class='ocrx_word' id='word_1_75' title='bbox 1045 1568 1151 1655; x_wconf 73' lang='lat' dir='ltr'><strong>(Fau.</strong></span> <span class='ocrx_word' id='word_1_76' title='bbox 1169 1591 1239 1637; x_wconf 77' lang='lat' dir='ltr'><strong>xm.</strong></span> <span class='ocrx_word' id='word_1_77' title='bbox 1257 1572 1314 1652; x_wconf 84' lang='lat' dir='ltr'><strong>lo).</strong></span> 
     </span>
    </p>
   </div>
   <div class='ocr_carea' id='block_1_4' title="bbox 230 1780 1388 1933">
    <p class='ocr_par' dir='ltr' id='par_1_5' title="bbox 230 1780 1388 1933">
     <span class='ocr_line' id='line_1_10' title="bbox 230 1780 1388 1843; baseline -0.003 -14"><span class='ocrx_word' id='word_1_78' title='bbox 230 1783 368 1843; x_wconf 77' lang='lat' dir='ltr'>GUMAB;</span> <span class='ocrx_word' id='word_1_79' title='bbox 392 1784 495 1829; x_wconf 71' lang='lat' dir='ltr'><strong>Arrun</strong></span> <span class='ocrx_word' id='word_1_80' title='bbox 513 1780 566 1842; x_wconf 64' lang='lat'><strong>123</strong></span> <span class='ocrx_word' id='word_1_81' title='bbox 589 1784 622 1829; x_wconf 83' lang='grc' dir='ltr'><strong>Α.</strong></span> <span class='ocrx_word' id='word_1_82' title='bbox 639 1784 673 1828; x_wconf 84' lang='lat' dir='ltr'><strong>U.</strong></span> <span class='ocrx_word' id='word_1_83' title='bbox 691 1785 719 1829; x_wconf 83' lang='grc'><strong>0.</strong></span> <span class='ocrx_word' id='word_1_84' title='bbox 737 1780 784 1834; x_wconf 84' lang='grc'><strong>700</strong></span> <span class='ocrx_word' id='word_1_85' title='bbox 801 1784 844 1828; x_wconf 75' lang='lat' dir='ltr'><strong>OB</strong></span> <span class='ocrx_word' id='word_1_86' title='bbox 859 1780 927 1843; x_wconf 78' lang='lat'><strong>7013</strong></span> <span class='ocrx_word' id='word_1_87' title='bbox 959 1783 1208 1843; x_wconf 67' lang='lat' dir='ltr'><strong>u.c.6401153;</strong></span> <span class='ocrx_word' id='word_1_88' title='bbox 1236 1785 1312 1829; x_wconf 77' lang='grc' dir='ltr'><strong>ΑΕΤ.</strong></span> <span class='ocrx_word' id='word_1_89' title='bbox 1327 1782 1388 1827; x_wconf 80' lang='lat' dir='ltr'><strong>clo.</strong></span> 
     </span>
     <span class='ocr_line' id='line_1_11' title="bbox 737 1881 887 1933; baseline -0.007 -4"><span class='ocrx_word' id='word_1_90' title='bbox 737 1882 769 1930; x_wconf 80' lang='grc'><strong>62</strong></span> <span class='ocrx_word' id='word_1_91' title='bbox 785 1883 829 1928; x_wconf 72' lang='lat' dir='ltr'><strong>on</strong></span> <span class='ocrx_word' id='word_1_92' title='bbox 843 1881 887 1933; x_wconf 78' lang='grc'><strong>63.</strong></span> 
     </span>
    </p>
   </div>
   <div class='ocr_carea' id='block_1_5' title="bbox 208 2051 1414 2201">
    <p class='ocr_par' dir='ltr' id='par_1_6' title="bbox 208 2051 1414 2201">
     <span class='ocr_line' id='line_1_12' title="bbox 255 2051 1414 2116; baseline -0.003 -11"><span class='ocrx_word' id='word_1_93' title='bbox 255 2051 296 2105; x_wconf 77' lang='lat' dir='ltr'><strong>it.</strong></span> <span class='ocrx_word' id='word_1_94' title='bbox 308 2051 395 2103; x_wconf 79' lang='lat' dir='ltr'><strong>Oieero</strong></span> <span class='ocrx_word' id='word_1_95' title='bbox 411 2051 530 2104; x_wconf 80' lang='lat' dir='ltr'><strong>Timnem</strong></span> <span class='ocrx_word' id='word_1_96' title='bbox 542 2052 575 2102; x_wconf 85' lang='lat' dir='ltr'><strong>ad</strong></span> <span class='ocrx_word' id='word_1_97' title='bbox 585 2067 612 2103; x_wconf 86' lang='lat' dir='ltr'><strong>se</strong></span> <span class='ocrx_word' id='word_1_98' title='bbox 622 2051 708 2104; x_wconf 84' lang='lat' dir='ltr'><strong>venire</strong></span> <span class='ocrx_word' id='word_1_99' title='bbox 723 2053 803 2116; x_wconf 89' lang='lat' dir='ltr'><strong>eupit,</strong></span> <span class='ocrx_word' id='word_1_100' title='bbox 816 2053 859 2104; x_wconf 86' lang='lat' dir='ltr'><strong>sod</strong></span> <span class='ocrx_word' id='word_1_101' title='bbox 869 2052 938 2104; x_wconf 82' lang='lat' dir='ltr'><strong>viem</strong></span> <span class='ocrx_word' id='word_1_102' title='bbox 953 2052 1035 2116; x_wconf 87' lang='lat' dir='ltr'><strong>timet,</strong></span> <span class='ocrx_word' id='word_1_103' title='bbox 1051 2070 1084 2106; x_wconf 89' lang='lat' dir='ltr'><strong>ne</strong></span> <span class='ocrx_word' id='word_1_104' title='bbox 1101 2054 1241 2106; x_wconf 82' lang='lat' dir='ltr'><strong>valetudini</strong></span> <span class='ocrx_word' id='word_1_105' title='bbox 1252 2053 1306 2106; x_wconf 86' lang='lat' dir='ltr'><strong>eius</strong></span> <span class='ocrx_word' id='word_1_106' title='bbox 1316 2059 1414 2105; x_wconf 82' lang='lat' dir='ltr'><strong>noceat.</strong></span> 
     </span>
     <span class='ocr_line' id='line_1_13' title="bbox 208 2133 798 2201; baseline 0 -16"><span class='ocrx_word' id='word_1_107' title='bbox 208 2133 315 2200; x_wconf 83' lang='lat' dir='ltr'><strong>Operam</strong></span> <span class='ocrx_word' id='word_1_108' title='bbox 325 2133 426 2186; x_wconf 77' lang='lat' dir='ltr'><strong>&#39;limnis</strong></span> <span class='ocrx_word' id='word_1_109' title='bbox 436 2133 464 2184; x_wconf 92' lang='lat' dir='ltr'><strong>in</strong></span> <span class='ocrx_word' id='word_1_110' title='bbox 474 2133 566 2185; x_wconf 84' lang='lat' dir='ltr'><strong>studiis</strong></span> <span class='ocrx_word' id='word_1_111' title='bbox 575 2134 661 2185; x_wconf 80' lang='lat' dir='ltr'><strong>laudat</strong></span> <span class='ocrx_word' id='word_1_112' title='bbox 671 2138 698 2185; x_wconf 93' lang='lat' dir='ltr'><strong>et</strong></span> <span class='ocrx_word' id='word_1_113' title='bbox 709 2133 798 2201; x_wconf 79' lang='lat' dir='ltr'><strong>exigit.</strong></span> 
     </span>
    </p>
   </div>
   <div class='ocr_carea' id='block_1_6' title="bbox 631 2290 987 2347">
    <p class='ocr_par' dir='ltr' id='par_1_7' title="bbox 631 2290 987 2347">
     <span class='ocr_line' id='line_1_14' title="bbox 631 2290 987 2347; baseline 0 -1"><span class='ocrx_word' id='word_1_114' title='bbox 631 2290 792 2346; x_wconf 82' lang='lat' dir='ltr'>TULLIUS</span> <span class='ocrx_word' id='word_1_115' title='bbox 810 2290 940 2346; x_wconf 81' lang='lat' dir='ltr'><strong>TIRONI</strong></span> <span class='ocrx_word' id='word_1_116' title='bbox 959 2291 987 2347; x_wconf 82' lang='lat' dir='ltr'><strong>S.</strong></span> 
     </span>
    </p>
   </div>
   <div class='ocr_carea' id='block_1_7' title="bbox 207 2438 1418 3356">
    <p class='ocr_par' dir='ltr' id='par_1_8' title="bbox 207 2438 1418 3356">
     <span class='ocr_line' id='line_1_15' title="bbox 275 2438 1413 2526; baseline 0 -20"><span class='ocrx_word' id='word_1_117' title='bbox 275 2441 306 2506; x_wconf 93' lang='lat'><strong>1.</strong></span> <span class='ocrx_word' id='word_1_118' title='bbox 329 2438 404 2526; x_wconf 82' lang='lat' dir='ltr'><strong>Ego</strong></span> <span class='ocrx_word' id='word_1_119' title='bbox 419 2461 496 2507; x_wconf 89' lang='lat' dir='ltr'><strong>vero</strong></span> <span class='ocrx_word' id='word_1_120' title='bbox 510 2439 605 2526; x_wconf 91' lang='lat' dir='ltr'><strong>eupio</strong></span> <span class='ocrx_word' id='word_1_121' title='bbox 627 2443 662 2506; x_wconf 89' lang='lat' dir='ltr'><strong>te</strong></span> <span class='ocrx_word' id='word_1_122' title='bbox 683 2440 726 2505; x_wconf 88' lang='lat' dir='ltr'><strong>ad</strong></span> <span class='ocrx_word' id='word_1_123' title='bbox 742 2461 797 2506; x_wconf 92' lang='lat' dir='ltr'><strong>me</strong></span> <span class='ocrx_word' id='word_1_124' title='bbox 810 2438 932 2519; x_wconf 86' lang='lat' dir='ltr'><strong>venire,</strong></span> <span class='ocrx_word' id='word_1_125' title='bbox 948 2441 1005 2506; x_wconf 90' lang='lat' dir='ltr'><strong>sed</strong></span> <span class='ocrx_word' id='word_1_126' title='bbox 1020 2441 1107 2507; x_wconf 86' lang='lat' dir='ltr'><strong>viem</strong></span> <span class='ocrx_word' id='word_1_127' title='bbox 1127 2441 1236 2506; x_wconf 90' lang='lat' dir='ltr'><strong>timeo.</strong></span> <span class='ocrx_word' id='word_1_128' title='bbox 1283 2438 1413 2506; x_wconf 79' lang='lat' dir='ltr'><strong>Gravis·</strong></span> 
     </span>
     <span class='ocr_line' id='line_1_16' title="bbox 207 2542 1412 2630; baseline -0.003 -19"><span class='ocrx_word' id='word_1_129' title='bbox 207 2543 289 2611; x_wconf 87' lang='lat' dir='ltr'><strong>sime</strong></span> <span class='ocrx_word' id='word_1_130' title='bbox 314 2543 502 2630; x_wconf 73' lang='lat' dir='ltr'><strong>aegrotasti,</strong></span> <span class='ocrx_word' id='word_1_131' title='bbox 525 2543 636 2610; x_wconf 89' lang='lat' dir='ltr'><strong>inedia</strong></span> <span class='ocrx_word' id='word_1_132' title='bbox 652 2545 686 2608; x_wconf 91' lang='lat' dir='ltr'><strong>et</strong></span> <span class='ocrx_word' id='word_1_133' title='bbox 707 2542 958 2630; x_wconf 75' lang='lat' dir='ltr'><strong>purgationibus</strong></span> <span class='ocrx_word' id='word_1_134' title='bbox 980 2547 1013 2610; x_wconf 92' lang='lat' dir='ltr'><strong>et</strong></span> <span class='ocrx_word' id='word_1_135' title='bbox 1033 2543 1067 2608; x_wconf 84' lang='lat' dir='ltr'><strong>vi</strong></span> <span class='ocrx_word' id='word_1_136' title='bbox 1091 2543 1193 2630; x_wconf 89' lang='lat' dir='ltr'><strong>ipsius</strong></span> <span class='ocrx_word' id='word_1_137' title='bbox 1215 2543 1319 2609; x_wconf 91' lang='lat' dir='ltr'><strong>morbi</strong></span> <span class='ocrx_word' id='word_1_138' title='bbox 1337 2564 1412 2608; x_wconf 92' lang='lat' dir='ltr'><strong>eon-</strong></span> 
     </span>
     <span class='ocr_line' id='line_1_17' title="bbox 207 2646 1413 2734; baseline -0.002 -19"><span class='ocrx_word' id='word_1_139' title='bbox 207 2651 357 2733; x_wconf 87' lang='lat' dir='ltr'><strong>sumptus</strong></span> <span class='ocrx_word' id='word_1_140' title='bbox 371 2670 415 2714; x_wconf 90' lang='lat' dir='ltr'><strong>es.</strong></span> <span class='ocrx_word' id='word_1_141' title='bbox 462 2646 586 2714; x_wconf 79' lang='lat' dir='ltr'><strong>Graves</strong></span> <span class='ocrx_word' id='word_1_142' title='bbox 601 2647 706 2714; x_wconf 88' lang='lat' dir='ltr'><strong>solent</strong></span> <span class='ocrx_word' id='word_1_143' title='bbox 721 2647 915 2714; x_wconf 81' lang='lat' dir='ltr'><strong>offensiones</strong></span> <span class='ocrx_word' id='word_1_144' title='bbox 929 2669 997 2713; x_wconf 88' lang='lat' dir='ltr'><strong>esee</strong></span> <span class='ocrx_word' id='word_1_145' title='bbox 1012 2671 1052 2713; x_wconf 89' lang='lat' dir='ltr'><strong>ex</strong></span> <span class='ocrx_word' id='word_1_146' title='bbox 1067 2647 1223 2734; x_wconf 84' lang='lat' dir='ltr'><strong>gravibus</strong></span> <span class='ocrx_word' id='word_1_147' title='bbox 1237 2647 1370 2727; x_wconf 81' lang='lat' dir='ltr'><strong>morbis,</strong></span> <span class='ocrx_word' id='word_1_148' title='bbox 1385 2648 1413 2712; x_wconf 90' lang='lat' dir='ltr'><strong>si</strong></span> 
     </span>
     <span class='ocr_line' id='line_1_18' title="bbox 207 2749 1417 2840; baseline -0.001 -23"><span class='ocrx_word' id='word_1_149' title='bbox 207 2774 291 2839; x_wconf 83' lang='lat' dir='ltr'><strong>quae</strong></span> <span class='ocrx_word' id='word_1_150' title='bbox 305 2752 402 2840; x_wconf 87' lang='lat' dir='ltr'><strong>eulpa</strong></span> <span class='ocrx_word' id='word_1_151' title='bbox 416 2753 585 2819; x_wconf 90' lang='lat' dir='ltr'><strong>eommissa</strong></span> <span class='ocrx_word' id='word_1_152' title='bbox 604 2755 663 2817; x_wconf 89' lang='lat' dir='ltr'><strong>est.</strong></span> <span class='ocrx_word' id='word_1_153' title='bbox 709 2749 783 2817; x_wconf 89' lang='lat' dir='ltr'><strong>Iam</strong></span> <span class='ocrx_word' id='word_1_154' title='bbox 806 2752 848 2816; x_wconf 89' lang='lat' dir='ltr'><strong>ad</strong></span> <span class='ocrx_word' id='word_1_155' title='bbox 863 2750 899 2817; x_wconf 90' lang='lat' dir='ltr'><strong>id</strong></span> <span class='ocrx_word' id='word_1_156' title='bbox 913 2750 1062 2830; x_wconf 91' lang='lat' dir='ltr'><strong>biduum,</strong></span> <span class='ocrx_word' id='word_1_157' title='bbox 1078 2752 1166 2836; x_wconf 92' lang='lat' dir='ltr'><strong>quod</strong></span> <span class='ocrx_word' id='word_1_158' title='bbox 1181 2751 1283 2817; x_wconf 87' lang='lat' dir='ltr'><strong>fueris</strong></span> <span class='ocrx_word' id='word_1_159' title='bbox 1297 2750 1333 2816; x_wconf 93' lang='lat' dir='ltr'><strong>in</strong></span> <span class='ocrx_word' id='word_1_160' title='bbox 1349 2751 1417 2830; x_wconf 83' lang='lat' dir='ltr'><strong>vis,</strong></span> 
     </span>
     <span class='ocr_line' id='line_1_19' title="bbox 207 2854 1415 2936; baseline -0.002 -14"><span class='ocrx_word' id='word_1_161' title='bbox 207 2857 287 2922; x_wconf 90' lang='lat' dir='ltr'><strong>dum</strong></span> <span class='ocrx_word' id='word_1_162' title='bbox 315 2856 352 2923; x_wconf 92' lang='lat' dir='ltr'><strong>in</strong></span> <span class='ocrx_word' id='word_1_163' title='bbox 382 2855 569 2922; x_wconf 76' lang='lat' dir='ltr'><strong>Cumanum</strong></span> <span class='ocrx_word' id='word_1_164' title='bbox 597 2855 700 2936; x_wconf 86' lang='lat' dir='ltr'><strong>venis,</strong></span> <span class='ocrx_word' id='word_1_165' title='bbox 731 2856 885 2921; x_wconf 85' lang='lat' dir='ltr'><strong>eoeedent</strong></span> <span class='ocrx_word' id='word_1_166' title='bbox 913 2856 1069 2920; x_wconf 90' lang='lat' dir='ltr'><strong>eontinue</strong></span> <span class='ocrx_word' id='word_1_167' title='bbox 1098 2858 1142 2920; x_wconf 85' lang='lat' dir='ltr'><strong>ad</strong></span> <span class='ocrx_word' id='word_1_168' title='bbox 1171 2855 1315 2920; x_wconf 92' lang='lat' dir='ltr'><strong>reditum</strong></span> <span class='ocrx_word' id='word_1_169' title='bbox 1345 2854 1415 2921; x_wconf 90' lang='lat' dir='ltr'><strong>dies</strong></span> 
     </span>
     <span class='ocr_line' id='line_1_20' title="bbox 207 2957 1416 3046; baseline 0 -21"><span class='ocrx_word' id='word_1_170' title='bbox 207 2959 361 3046; x_wconf 87' lang='lat' dir='ltr'><strong>quinque.</strong></span> <span class='ocrx_word' id='word_1_171' title='bbox 407 2958 482 3046; x_wconf 86' lang='lat' dir='ltr'><strong>Ego</strong></span> <span class='ocrx_word' id='word_1_172' title='bbox 504 2959 540 3025; x_wconf 95' lang='lat' dir='ltr'><strong>in</strong></span> <span class='ocrx_word' id='word_1_173' title='bbox 558 2958 735 3025; x_wconf 84' lang='lat' dir='ltr'><strong>Formiano</strong></span> <span class='ocrx_word' id='word_1_174' title='bbox 758 2982 786 3026; x_wconf 84' lang='lat' dir='ltr'><strong>a.</strong></span> <span class='ocrx_word' id='word_1_175' title='bbox 804 2959 836 3025; x_wconf 90' lang='lat' dir='ltr'><strong>d.</strong></span> <span class='ocrx_word' id='word_1_176' title='bbox 854 2980 908 3025; x_wconf 93' lang='lat'><strong>111.</strong></span> <span class='ocrx_word' id='word_1_177' title='bbox 932 2957 1011 3025; x_wconf 87' lang='lat' dir='ltr'><strong>Kal.</strong></span> <span class='ocrx_word' id='word_1_178' title='bbox 1033 2981 1100 3025; x_wconf 84' lang='lat' dir='ltr'><strong>esse</strong></span> <span class='ocrx_word' id='word_1_179' title='bbox 1114 2959 1199 3025; x_wconf 86' lang='lat' dir='ltr'><strong>volo.</strong></span> <span class='ocrx_word' id='word_1_180' title='bbox 1245 2958 1300 3025; x_wconf 93' lang='lat' dir='ltr'><strong>Ibi</strong></span> <span class='ocrx_word' id='word_1_181' title='bbox 1321 2964 1355 3024; x_wconf 88' lang='lat' dir='ltr'><strong>te</strong></span> <span class='ocrx_word' id='word_1_182' title='bbox 1376 2961 1416 3025; x_wconf 93' lang='lat' dir='ltr'><strong>ut</strong></span> 
     </span>
     <span class='ocr_line' id='line_1_21' title="bbox 207 3061 1415 3145; baseline -0.001 -16"><span class='ocrx_word' id='word_1_183' title='bbox 207 3063 339 3129; x_wconf 79' lang='lat' dir='ltr'><strong>firmum</strong></span> <span class='ocrx_word' id='word_1_184' title='bbox 353 3062 529 3144; x_wconf 82' lang='lat' dir='ltr'><strong>offendam,</strong></span> <span class='ocrx_word' id='word_1_185' title='bbox 544 3064 592 3128; x_wconf 90' lang='lat' dir='ltr'><strong>mi</strong></span> <span class='ocrx_word' id='word_1_186' title='bbox 607 3063 696 3145; x_wconf 76' lang='lat' dir='ltr'><strong>Tiro,</strong></span> <span class='ocrx_word' id='word_1_187' title='bbox 711 3063 810 3130; x_wconf 91' lang='lat' dir='ltr'><strong>effiee.</strong></span> <span class='ocrx_word' id='word_1_188' title='bbox 844 3063 877 3128; x_wconf 86' lang='grc'><strong>2.</strong></span> <span class='ocrx_word' id='word_1_189' title='bbox 899 3061 1084 3130; x_wconf 86' lang='lat' dir='ltr'><strong>Litterulae</strong></span> <span class='ocrx_word' id='word_1_190' title='bbox 1098 3083 1189 3128; x_wconf 89' lang='lat' dir='ltr'><strong>meae</strong></span> <span class='ocrx_word' id='word_1_191' title='bbox 1204 3062 1271 3128; x_wconf 86' lang='lat' dir='ltr'><strong>eive</strong></span> <span class='ocrx_word' id='word_1_192' title='bbox 1285 3066 1415 3129; x_wconf 84' lang='lat' dir='ltr'><strong>nostrae</strong></span> 
     </span>
     <span class='ocr_line' id='line_1_22' title="bbox 207 3165 1418 3254; baseline -0.001 -21"><span class='ocrx_word' id='word_1_193' title='bbox 207 3165 259 3233; x_wconf 91' lang='lat' dir='ltr'><strong>tui</strong></span> <span class='ocrx_word' id='word_1_194' title='bbox 282 3167 440 3233; x_wconf 91' lang='lat' dir='ltr'><strong>desiderio</strong></span> <span class='ocrx_word' id='word_1_195' title='bbox 460 3166 713 3254; x_wconf 83' lang='lat' dir='ltr'><strong>oblonguerunt.</strong></span> <span class='ocrx_word' id='word_1_196' title='bbox 759 3167 836 3234; x_wconf 90' lang='lat' dir='ltr'><strong>Hae</strong></span> <span class='ocrx_word' id='word_1_197' title='bbox 856 3172 970 3234; x_wconf 89' lang='lat' dir='ltr'><strong>tamen</strong></span> <span class='ocrx_word' id='word_1_198' title='bbox 991 3167 1138 3253; x_wconf 84' lang='lat' dir='ltr'><strong>epistola,</strong></span> <span class='ocrx_word' id='word_1_199' title='bbox 1160 3188 1259 3252; x_wconf 90' lang='lat' dir='ltr'><strong>quam</strong></span> <span class='ocrx_word' id='word_1_200' title='bbox 1274 3166 1418 3232; x_wconf 82' lang='lat' dir='ltr'><strong>Aeastus</strong></span> 
     </span>
     <span class='ocr_line' id='line_1_23' title="bbox 207 3270 1416 3356; baseline -0.001 -20"><span class='ocrx_word' id='word_1_201' title='bbox 207 3270 330 3350; x_wconf 85' lang='lat' dir='ltr'><strong>attulit,</strong></span> <span class='ocrx_word' id='word_1_202' title='bbox 346 3270 455 3337; x_wconf 88' lang='lat' dir='ltr'><strong>oeulos</strong></span> <span class='ocrx_word' id='word_1_203' title='bbox 468 3271 617 3355; x_wconf 90' lang='lat' dir='ltr'><strong>paullum</strong></span> <span class='ocrx_word' id='word_1_204' title='bbox 628 3271 842 3339; x_wconf 91' lang='lat' dir='ltr'><strong>sustulerunt.</strong></span> <span class='ocrx_word' id='word_1_205' title='bbox 887 3270 1064 3356; x_wconf 86' lang='lat' dir='ltr'><strong>Pompeius</strong></span> <span class='ocrx_word' id='word_1_206' title='bbox 1079 3275 1149 3336; x_wconf 85' lang='lat' dir='ltr'><strong>eret</strong></span> <span class='ocrx_word' id='word_1_207' title='bbox 1164 3270 1253 3355; x_wconf 85' lang='lat' dir='ltr'><strong>apud</strong></span> <span class='ocrx_word' id='word_1_208' title='bbox 1267 3291 1330 3349; x_wconf 92' lang='lat' dir='ltr'><strong>me,</strong></span> <span class='ocrx_word' id='word_1_209' title='bbox 1340 3291 1416 3336; x_wconf 90' lang='lat' dir='ltr'><strong>eum</strong></span> 
     </span>
    </p>
   </div>
   <div class='ocr_carea' id='block_1_8' title="bbox 206 3469 1419 4447">
    <p class='ocr_par' dir='ltr' id='par_1_9' title="bbox 208 3469 1419 3731">
     <span class='ocr_line' id='line_1_24' title="bbox 240 3469 1415 3539; baseline 0 -19"><span class='ocrx_word' id='word_1_210' title='bbox 240 3471 382 3538; x_wconf 66' lang='lat' dir='ltr'><strong>Ingentum]</strong></span> <span class='ocrx_word' id='word_1_211' title='bbox 417 3475 464 3539; x_wconf 83' lang='lat' dir='ltr'><strong>‘ap</strong></span> <span class='ocrx_word' id='word_1_212' title='bbox 480 3471 789 3538; x_wconf 84' lang='lat' dir='ltr'><strong>lyallthetintelligenee</strong></span> <span class='ocrx_word' id='word_1_213' title='bbox 870 3474 1017 3522; x_wconf 67' lang='lat' dir='ltr'><strong>atiniacum</strong></span> <span class='ocrx_word' id='word_1_214' title='bbox 1029 3471 1099 3537; x_wconf 77' lang='lat' dir='ltr'><strong>osset]</strong></span> <span class='ocrx_word' id='word_1_215' title='bbox 1137 3469 1415 3536; x_wconf 74' lang='lat' dir='ltr'><strong>Thiegoeswithmiei.</strong></span> 
     </span>
     <span class='ocr_line' id='line_1_25' title="bbox 212 3488 1416 3603; baseline -0.002 -16"><span class='ocrx_word' id='word_1_216' title='bbox 212 3535 240 3587; x_wconf 83' lang='lat' dir='ltr'><strong>of</strong></span> <span class='ocrx_word' id='word_1_217' title='bbox 257 3550 342 3600; x_wconf 86' lang='lat' dir='ltr'><strong>yours,</strong></span> <span class='ocrx_word' id='word_1_218' title='bbox 362 3535 447 3586; x_wconf 71' lang='lat' dir='ltr'><strong>which</strong></span> <span class='ocrx_word' id='word_1_219' title='bbox 464 3488 480 3586; x_wconf 69' lang='lat' dir='ltr'><strong>i</strong></span> <span class='ocrx_word' id='word_1_220' title='bbox 499 3536 574 3588; x_wconf 81' lang='lat' dir='ltr'><strong>ralue</strong></span> <span class='ocrx_word' id='word_1_221' title='bbox 592 3552 620 3588; x_wconf 83' lang='lat' dir='ltr'><strong>so</strong></span> <span class='ocrx_word' id='word_1_222' title='bbox 639 3537 738 3603; x_wconf 88' lang='lat' dir='ltr'><strong>highly,</strong></span> <span class='ocrx_word' id='word_1_223' title='bbox 760 3544 788 3589; x_wconf 92' lang='lat' dir='ltr'><strong>to</strong></span> <span class='ocrx_word' id='word_1_224' title='bbox 872 3540 895 3587; x_wconf 94' lang='lat'><strong>1.</strong></span> <span class='ocrx_word' id='word_1_225' title='bbox 913 3536 1063 3603; x_wconf 76' lang='lat' dir='ltr'><strong>offensiones]</strong></span> <span class='ocrx_word' id='word_1_226' title='bbox 1110 3535 1264 3594; x_wconf 85' lang='lat' dir='ltr'><strong>‘disorders‚’</strong></span> <span class='ocrx_word' id='word_1_227' title='bbox 1295 3535 1416 3599; x_wconf 83' lang='lat' dir='ltr'><strong>‘compli-</strong></span> 
     </span>
     <span class='ocr_line' id='line_1_26' title="bbox 208 3600 1419 3731; baseline -0.002 -14"><span class='ocrx_word' id='word_1_228' title='bbox 208 3600 515 3731; x_wconf 53' lang='lat' dir='ltr'><strong>ffliffidygffloyess,</strong></span> <span class='ocrx_word' id='word_1_229' title='bbox 527 3602 588 3653; x_wconf 52' lang='lat' dir='ltr'><strong>bow</strong></span> <span class='ocrx_word' id='word_1_230' title='bbox 601 3602 641 3652; x_wconf 62' lang='lat' dir='ltr'><strong>for</strong></span> <span class='ocrx_word' id='word_1_231' title='bbox 657 3617 788 3668; x_wconf 62' lang='lat' dir='ltr'><strong>yourm</strong></span> <span class='ocrx_word' id='word_1_232' title='bbox 837 3601 978 3716; x_wconf 50' lang='lat' dir='ltr'><strong>mbiiebldint</strong></span> <span class='ocrx_word' id='word_1_233' title='bbox 1043 3665 1161 3731; x_wconf 73' lang='lat' dir='ltr'><strong>quinque]</strong></span> <span class='ocrx_word' id='word_1_234' title='bbox 1181 3664 1419 3730; x_wconf 84' lang='lat' dir='ltr'><strong>‘youwillrequire</strong></span> 
     </span>
    </p>

    <p class='ocr_par' dir='ltr' id='par_1_10' title="bbox 209 3730 1418 3871">
     <span class='ocr_line' id='line_1_27' title="bbox 243 3730 1414 3798; baseline -0.002 -17"><span class='ocrx_word' id='word_1_235' title='bbox 243 3733 267 3781; x_wconf 92' lang='grc'><strong>2.</strong></span> <span class='ocrx_word' id='word_1_236' title='bbox 286 3731 408 3792; x_wconf 60' lang='lat' dir='ltr'><strong>saepta.</strong></span> <span class='ocrx_word' id='word_1_237' title='bbox 429 3769 435 3781; x_wconf 95' lang='lat'><strong>.</strong></span> <span class='ocrx_word' id='word_1_238' title='bbox 456 3768 463 3780; x_wconf 93' lang='lat'><strong>.</strong></span> <span class='ocrx_word' id='word_1_239' title='bbox 487 3731 557 3798; x_wconf 74' lang='lat' dir='ltr'><strong>Vae]</strong></span> <span class='ocrx_word' id='word_1_240' title='bbox 601 3747 616 3781; x_wconf 84' lang='lat' dir='ltr'><strong>a</strong></span> <span class='ocrx_word' id='word_1_241' title='bbox 636 3733 784 3798; x_wconf 82' lang='lat' dir='ltr'><strong>postsoript:</strong></span> <span class='ocrx_word' id='word_1_242' title='bbox 837 3731 936 3783; x_wconf 83' lang='lat' dir='ltr'><strong>thefivs</strong></span> <span class='ocrx_word' id='word_1_243' title='bbox 948 3730 1095 3796; x_wconf 82' lang='lat' dir='ltr'><strong>sueeeeding</strong></span> <span class='ocrx_word' id='word_1_244' title='bbox 1108 3732 1171 3794; x_wconf 83' lang='lat' dir='ltr'><strong>days</strong></span> <span class='ocrx_word' id='word_1_245' title='bbox 1181 3731 1223 3780; x_wconf 82' lang='lat' dir='ltr'><strong>for</strong></span> <span class='ocrx_word' id='word_1_246' title='bbox 1233 3747 1297 3794; x_wconf 92' lang='lat' dir='ltr'><strong>your</strong></span> <span class='ocrx_word' id='word_1_247' title='bbox 1308 3730 1414 3780; x_wconf 66' lang='lat' dir='ltr'><strong>return)</strong></span> 
     </span>
     <span class='ocr_line' id='line_1_28' title="bbox 209 3794 1418 3871; baseline -0.002 -24"><span class='ocrx_word' id='word_1_248' title='bbox 209 3810 249 3859; x_wconf 84' lang='lat' dir='ltr'><strong>op.</strong></span> <span class='ocrx_word' id='word_1_249' title='bbox 263 3795 334 3844; x_wconf 83' lang='lat' dir='ltr'><strong>Fam.</strong></span> <span class='ocrx_word' id='word_1_250' title='bbox 346 3795 401 3845; x_wconf 86' lang='lat' dir='ltr'><strong>viii.</strong></span> <span class='ocrx_word' id='word_1_251' title='bbox 414 3797 559 3861; x_wconf 77' lang='lat' dir='ltr'><strong>s,5(242).</strong></span> <span class='ocrx_word' id='word_1_252' title='bbox 869 3799 910 3845; x_wconf 70' lang='lat' dir='ltr'><strong>tii.</strong></span> <span class='ocrx_word' id='word_1_253' title='bbox 933 3798 995 3846; x_wconf 79' lang='lat' dir='ltr'><strong>Kal.</strong></span> <span class='ocrx_word' id='word_1_254' title='bbox 1049 3812 1084 3846; x_wconf 87' lang='lat' dir='ltr'><strong>se.</strong></span> <span class='ocrx_word' id='word_1_255' title='bbox 1105 3797 1196 3845; x_wconf 79' lang='lat' dir='ltr'><strong>Maiae.</strong></span> <span class='ocrx_word' id='word_1_256' title='bbox 1232 3795 1272 3846; x_wconf 91' lang='lat' dir='ltr'><strong>On</strong></span> <span class='ocrx_word' id='word_1_257' title='bbox 1292 3794 1344 3845; x_wconf 85' lang='lat' dir='ltr'><strong>this</strong></span> <span class='ocrx_word' id='word_1_258' title='bbox 1366 3796 1418 3871; x_wconf 85' lang='lat' dir='ltr'><strong>day</strong></span> 
     </span>
    </p>

    <p class='ocr_par' dir='ltr' id='par_1_11' title="bbox 243 3859 1417 3926">
     <span class='ocr_line' id='line_1_29' title="bbox 243 3859 1417 3926; baseline 0.002 -18"><span class='ocrx_word' id='word_1_259' title='bbox 243 3859 358 3926; x_wconf 78' lang='lat' dir='ltr'><strong>Hermia]</strong></span> <span class='ocrx_word' id='word_1_260' title='bbox 392 3876 431 3924; x_wconf 88' lang='lat' dir='ltr'><strong>ep.</strong></span> <span class='ocrx_word' id='word_1_261' title='bbox 445 3861 476 3917; x_wconf 85' lang='lat' dir='ltr'><strong>Q.</strong></span> <span class='ocrx_word' id='word_1_262' title='bbox 489 3862 532 3911; x_wconf 85' lang='lat' dir='ltr'><strong>Fr.</strong></span> <span class='ocrx_word' id='word_1_263' title='bbox 544 3861 562 3910; x_wconf 90' lang='lat' dir='ltr'><strong>i.</strong></span> <span class='ocrx_word' id='word_1_264' title='bbox 576 3865 600 3922; x_wconf 84' lang='grc'><strong>2,</strong></span> <span class='ocrx_word' id='word_1_265' title='bbox 616 3865 646 3911; x_wconf 88' lang='grc'><strong>12</strong></span> <span class='ocrx_word' id='word_1_266' title='bbox 669 3863 720 3925; x_wconf 79' lang='lat'><strong>5³).</strong></span> <span class='ocrx_word' id='word_1_267' title='bbox 838 3860 924 3911; x_wconf 77' lang='lat' dir='ltr'><strong>ciuem</strong></span> <span class='ocrx_word' id='word_1_268' title='bbox 950 3877 995 3924; x_wconf 89' lang='lat' dir='ltr'><strong>pro</strong></span> <span class='ocrx_word' id='word_1_269' title='bbox 1026 3860 1071 3926; x_wconf 92' lang='lat' dir='ltr'><strong>bly</strong></span> <span class='ocrx_word' id='word_1_270' title='bbox 1095 3859 1214 3912; x_wconf 89' lang='lat' dir='ltr'><strong>intended</strong></span> <span class='ocrx_word' id='word_1_271' title='bbox 1239 3866 1267 3911; x_wconf 90' lang='lat' dir='ltr'><strong>to</strong></span> <span class='ocrx_word' id='word_1_272' title='bbox 1294 3866 1417 3910; x_wconf 82' lang='lat' dir='ltr'><strong>menumrt</strong></span> 
     </span>
    </p>

    <p class='ocr_par' dir='ltr' id='par_1_12' title="bbox 225 3925 1415 4057">
     <span class='ocr_line' id='line_1_30' title="bbox 241 3925 1039 3992; baseline 0.003 -19"><span class='ocrx_word' id='word_1_273' title='bbox 241 3925 409 3974; x_wconf 77' lang='lat' dir='ltr'><strong>vacillantibus</strong></span> <span class='ocrx_word' id='word_1_274' title='bbox 417 3925 545 3992; x_wconf 80' lang='lat' dir='ltr'><strong>litterulis]</strong></span> <span class='ocrx_word' id='word_1_275' title='bbox 555 3925 593 3976; x_wconf 88' lang='lat' dir='ltr'><strong>‘in</strong></span> <span class='ocrx_word' id='word_1_276' title='bbox 676 3926 785 3991; x_wconf 80' lang='lat' dir='ltr'><strong>writing,</strong></span> <span class='ocrx_word' id='word_1_277' title='bbox 836 3925 910 3976; x_wconf 81' lang='lat' dir='ltr'><strong>Tiro:</strong></span> <span class='ocrx_word' id='word_1_278' title='bbox 929 3941 969 3988; x_wconf 85' lang='lat' dir='ltr'><strong>ep.</strong></span> <span class='ocrx_word' id='word_1_279' title='bbox 983 3928 1039 3977; x_wconf 79' lang='lat'><strong>923.</strong></span> 
     </span>
     <span class='ocr_line' id='line_1_31' title="bbox 225 3988 1415 4057; baseline 0.001 -18"><span class='ocrx_word' id='word_1_280' title='bbox 225 3988 278 4039; x_wconf 85' lang='lat' dir='ltr'><strong>uite</strong></span> <span class='ocrx_word' id='word_1_281' title='bbox 295 3989 393 4051; x_wconf 48' lang='lat' dir='ltr'><strong>shake,</strong></span> <span class='ocrx_word' id='word_1_282' title='bbox 411 3989 520 4041; x_wconf 81' lang='lat' dir='ltr'><strong>ablatire</strong></span> <span class='ocrx_word' id='word_1_283' title='bbox 536 3990 564 4041; x_wconf 83' lang='lat' dir='ltr'><strong>oi</strong></span> <span class='ocrx_word' id='word_1_284' title='bbox 580 3991 686 4056; x_wconf 75' lang='lat' dir='ltr'><strong>quality,</strong></span> <span class='ocrx_word' id='word_1_285' title='bbox 702 3991 784 4057; x_wconf 87' lang='lat' dir='ltr'><strong>Roby,</strong></span> <span class='ocrx_word' id='word_1_286' title='bbox 870 3994 894 4041; x_wconf 92' lang='grc'><strong>2.</strong></span> <span class='ocrx_word' id='word_1_287' title='bbox 911 3989 1096 4057; x_wconf 74' lang='lat' dir='ltr'><strong>odlanymmnt]</strong></span> <span class='ocrx_word' id='word_1_288' title='bbox 1143 3989 1221 4041; x_wconf 84' lang='lat' dir='ltr'><strong>‘beve</strong></span> <span class='ocrx_word' id='word_1_289' title='bbox 1247 3989 1347 4040; x_wconf 73' lang='lat' dir='ltr'><strong>beoorm</strong></span> <span class='ocrx_word' id='word_1_290' title='bbox 1374 4006 1415 4040; x_wconf 81' lang='lat' dir='ltr'><strong>re·</strong></span> 
     </span>
    </p>

    <p class='ocr_par' dir='ltr' id='par_1_13' title="bbox 206 4043 1416 4313">
     <span class='ocr_line' id='line_1_32' title="bbox 242 4043 1414 4120; baseline 0.003 -17"><span class='ocrx_word' id='word_1_291' title='bbox 242 4057 313 4103; x_wconf 81' lang='lat'><strong>1232.</strong></span> <span class='ocrx_word' id='word_1_292' title='bbox 349 4043 408 4104; x_wconf 79' lang='lat' dir='ltr'><strong>Tiro</strong></span> <span class='ocrx_word' id='word_1_293' title='bbox 425 4071 476 4105; x_wconf 79' lang='lat' dir='ltr'><strong>war</strong></span> <span class='ocrx_word' id='word_1_294' title='bbox 488 4055 609 4120; x_wconf 82' lang='lat' dir='ltr'><strong>suffering</strong></span> <span class='ocrx_word' id='word_1_295' title='bbox 622 4055 783 4107; x_wconf 77' lang='lat' dir='ltr'><strong>iremfever:</strong></span> <span class='ocrx_word' id='word_1_296' title='bbox 836 4055 928 4116; x_wconf 86' lang='lat' dir='ltr'><strong>iaxed,’</strong></span> <span class='ocrx_word' id='word_1_297' title='bbox 949 4055 1183 4120; x_wconf 79' lang='lat' dir='ltr'><strong>‘haveeollapeed’</strong></span> <span class='ocrx_word' id='word_1_298' title='bbox 1217 4054 1320 4106; x_wconf 85' lang='lat' dir='ltr'><strong>Forthe</strong></span> <span class='ocrx_word' id='word_1_299' title='bbox 1333 4060 1414 4106; x_wconf 83' lang='lat' dir='ltr'><strong>mota·</strong></span> 
     </span>
     <span class='ocr_line' id='line_1_33' title="bbox 210 4119 1058 4186; baseline 0.001 -18"><span class='ocrx_word' id='word_1_300' title='bbox 210 4124 260 4168; x_wconf 82' lang='lat' dir='ltr'><strong>tam</strong></span> <span class='ocrx_word' id='word_1_301' title='bbox 280 4122 353 4181; x_wconf 71' lang='lat' dir='ltr'><strong>aravi</strong></span> <span class='ocrx_word' id='word_1_302' title='bbox 377 4119 463 4180; x_wconf 80' lang='lat' dir='ltr'><strong>morbo,</strong></span> <span class='ocrx_word' id='word_1_303' title='bbox 487 4119 596 4171; x_wconf 82' lang='lat' dir='ltr'><strong>ablativo</strong></span> <span class='ocrx_word' id='word_1_304' title='bbox 613 4121 642 4171; x_wconf 78' lang='lat' dir='ltr'><strong>of</strong></span> <span class='ocrx_word' id='word_1_305' title='bbox 656 4122 787 4172; x_wconf 82' lang='lat' dir='ltr'><strong>attendant</strong></span> <span class='ocrx_word' id='word_1_306' title='bbox 836 4121 900 4186; x_wconf 83' lang='lat' dir='ltr'><strong>pbor</strong></span> <span class='ocrx_word' id='word_1_307' title='bbox 910 4136 950 4184; x_wconf 84' lang='lat' dir='ltr'><strong>ep.</strong></span> <span class='ocrx_word' id='word_1_308' title='bbox 964 4123 1020 4183; x_wconf 75' lang='lat'><strong>924,</strong></span> <span class='ocrx_word' id='word_1_309' title='bbox 1035 4124 1058 4170; x_wconf 88' lang='grc'><strong>2.</strong></span> 
     </span>
     <span class='ocr_line' id='line_1_34' title="bbox 207 4182 1416 4251; baseline -0.001 -16"><span class='ocrx_word' id='word_1_310' title='bbox 207 4182 407 4244; x_wconf 81' lang='lat' dir='ltr'><strong>eireumstanees,</strong></span> <span class='ocrx_word' id='word_1_311' title='bbox 421 4184 503 4246; x_wconf 87' lang='lat' dir='ltr'><strong>Roby‚</strong></span> <span class='ocrx_word' id='word_1_312' title='bbox 518 4185 529 4251; x_wconf 67' lang='lat' dir='ltr'><strong>t</strong></span> <span class='ocrx_word' id='word_1_313' title='bbox 544 4188 616 4248; x_wconf 75' lang='lat'><strong>1242,</strong></span> <span class='ocrx_word' id='word_1_314' title='bbox 636 4185 713 4237; x_wconf 81' lang='lat' dir='ltr'><strong>‘with</strong></span> <span class='ocrx_word' id='word_1_315' title='bbox 724 4185 784 4237; x_wconf 87' lang='lat' dir='ltr'><strong>sueh</strong></span> <span class='ocrx_word' id='word_1_316' title='bbox 870 4185 1007 4251; x_wconf 75' lang='lat' dir='ltr'><strong>Pompeius]</strong></span> <span class='ocrx_word' id='word_1_317' title='bbox 1025 4185 1065 4236; x_wconf 85' lang='lat' dir='ltr'><strong>No</strong></span> <span class='ocrx_word' id='word_1_318' title='bbox 1072 4185 1150 4235; x_wconf 92' lang='lat' dir='ltr'><strong>doubt</strong></span> <span class='ocrx_word' id='word_1_319' title='bbox 1156 4183 1267 4249; x_wconf 86' lang='lat' dir='ltr'><strong>Pompey</strong></span> <span class='ocrx_word' id='word_1_320' title='bbox 1273 4184 1317 4235; x_wconf 85' lang='lat' dir='ltr'><strong>the</strong></span> <span class='ocrx_word' id='word_1_321' title='bbox 1329 4184 1416 4235; x_wconf 81' lang='lat' dir='ltr'><strong>Grest.</strong></span> 
     </span>
     <span class='ocr_line' id='line_1_35' title="bbox 206 4248 1416 4313; baseline -0.001 -13"><span class='ocrx_word' id='word_1_322' title='bbox 206 4249 430 4300; x_wconf 75' lang='lat' dir='ltr'><strong>sesevereattaek.¹</strong></span> <span class='ocrx_word' id='word_1_323' title='bbox 836 4248 936 4301; x_wconf 84' lang='lat' dir='ltr'><strong>Editers</strong></span> <span class='ocrx_word' id='word_1_324' title='bbox 946 4250 1004 4301; x_wconf 83' lang='lat' dir='ltr'><strong>who</strong></span> <span class='ocrx_word' id='word_1_325' title='bbox 1014 4251 1269 4313; x_wconf 78' lang='lat' dir='ltr'><strong>sltertoPompom&#39;ue</strong></span> <span class='ocrx_word' id='word_1_326' title='bbox 1281 4251 1313 4300; x_wconf 90' lang='lat' dir='ltr'><strong>do</strong></span> <span class='ocrx_word' id='word_1_327' title='bbox 1329 4265 1356 4300; x_wconf 87' lang='lat' dir='ltr'><strong>so</strong></span> <span class='ocrx_word' id='word_1_328' title='bbox 1372 4257 1416 4300; x_wconf 90' lang='lat' dir='ltr'><strong>not</strong></span> 
     </span>
    </p>

    <p class='ocr_par' dir='ltr' id='par_1_14' title="bbox 208 4313 1415 4447">
     <span class='ocr_line' id='line_1_36' title="bbox 241 4313 1415 4380; baseline 0.004 -19"><span class='ocrx_word' id='word_1_329' title='bbox 241 4313 401 4380; x_wconf 75' lang='lat' dir='ltr'><strong>inhumanus]</strong></span> <span class='ocrx_word' id='word_1_330' title='bbox 452 4314 664 4378; x_wconf 74' lang='lat' dir='ltr'><strong>‘uneultiveted’</strong></span> <span class='ocrx_word' id='word_1_331' title='bbox 693 4332 721 4366; x_wconf 85' lang='lat' dir='ltr'><strong>as</strong></span> <span class='ocrx_word' id='word_1_332' title='bbox 746 4331 786 4367; x_wconf 78' lang='lat' dir='ltr'><strong>we</strong></span> <span class='ocrx_word' id='word_1_333' title='bbox 836 4315 880 4365; x_wconf 88' lang='lat' dir='ltr'><strong>oni</strong></span> <span class='ocrx_word' id='word_1_334' title='bbox 917 4315 1024 4367; x_wconf 77' lang='lat' dir='ltr'><strong>without</strong></span> <span class='ocrx_word' id='word_1_335' title='bbox 1044 4331 1093 4366; x_wconf 73' lang='lat' dir='ltr'><strong>uss</strong></span> <span class='ocrx_word' id='word_1_336' title='bbox 1113 4314 1252 4380; x_wconf 81' lang='lat' dir='ltr'><strong>authority,</strong></span> <span class='ocrx_word' id='word_1_337' title='bbox 1271 4316 1317 4366; x_wconf 87' lang='lat' dir='ltr'><strong>but</strong></span> <span class='ocrx_word' id='word_1_338' title='bbox 1338 4315 1415 4366; x_wconf 86' lang='lat' dir='ltr'><strong>need·</strong></span> 
     </span>
     <span class='ocr_line' id='line_1_37' title="bbox 208 4376 921 4447; baseline 0.003 -19"><span class='ocrx_word' id='word_1_339' title='bbox 208 4376 579 4443; x_wconf 81' lang='lat' dir='ltr'><strong>mighterpeoteslavetobe.</strong></span> <span class='ocrx_word' id='word_1_340' title='bbox 835 4379 846 4430; x_wconf 90' lang='lat' dir='ltr'><strong>l</strong></span> <span class='ocrx_word' id='word_1_341' title='bbox 895 4396 921 4447; x_wconf 89' lang='lat' dir='ltr'><strong>y.</strong></span> 
     </span>
    </p>
   </div>
   <div class='ocr_carea' id='block_1_9' title="bbox 0 0 1528 5002">
    <p class='ocr_par' dir='ltr' id='par_1_15' title="bbox 0 0 1528 5002">
     <span class='ocr_line' id='line_1_38' title="bbox 0 0 1528 5002; baseline 0 0"><span class='ocrx_word' id='word_1_342' title='bbox 0 0 1528 5002; x_wconf 95' lang='lat' dir='ltr'><strong> </strong></span> 
     </span>
    </p>
   </div>
  </div>
 </body>
</html>
