3022 5444
470 385 712 452 nooooarr.
739 385 865 470 (rnna
889 386 934 453 r.
959 387 1026 471 ae).
1287 388 1352 456 aaa

145 574 259 639 datum
273 576 306 639 te
321 577 417 660 putas
439 576 473 638 et
487 572 522 637 id
538 573 670 659 eogitas,
686 576 725 639 ut
745 576 803 638 aut
823 572 866 637 ad
888 573 1020 639 eomitia
1035 595 1144 640 eurras
1159 579 1226 656 aut,
1243 575 1271 642 si
1285 575 1351 642 iam

144 678 302 758 oonieota,
333 677 422 743 domi
452 689 528 742 tuae
558 676 611 754 sis,
638 699 680 742 ne
710 698 783 742 oum
810 676 953 742 maximo
982 677 1137 764 periculo,
1164 683 1202 745 ut
1230 679 1351 757 soribis‚

145 781 356 846 stultissimus
374 781 442 845 sis?
495 780 574 846 Non
596 779 737 846 arbitror
755 785 789 847 te
809 781 858 846 ita
880 780 1020 846 sentire:
1044 802 1156 848 omnes
1177 782 1264 848 onim
1279 787 1354 849 tuos

149 884 191 951 ad
205 885 335 951 laudem
350 885 492 971 impetus
506 885 593 950 novi.
626 884 776 966 Quodsi,
791 888 830 951 ut
845 884 965 965 soribis,
982 885 1030 951 ita
1044 886 1154 966 sentis,
1165 909 1232 952 non
1247 885 1354 972 magis

148 993 182 1054 te
197 1010 295 1073 quam
311 989 351 1053 de
366 992 399 1053 te
413 988 569 1054 iudioium
584 987 784 1074 reprehendo
798 1010 917 1055 meum.
956 989 1004 1055 Te
1019 989 1218 1076 adipisoendi
1233 989 1353 1075 magis·

150 1098 255 1158 tratus
280 1092 434 1159 levissimi
460 1099 493 1157 et
519 1091 783 1179 divulgatissimi,
808 1091 836 1157 si
858 1091 907 1158 ita
932 1092 1109 1180 adipiscare
1135 1097 1173 1159 ut
1198 1093 1353 1179 plerique,

150 1218 364 1283 praepropera
379 1196 546 1261 festinatio
562 1195 700 1261 abduoet
723 1217 743 1260 a
763 1196 864 1262 tantis
879 1195 1041 1276 laudibus,
1057 1196 1175 1282 quibus
1189 1200 1223 1262 te
1245 1218 1357 1263 omnes

150 1302 184 1364 in
209 1299 334 1365 eaelum
359 1300 429 1364 iure
453 1303 487 1364 et
512 1321 586 1364 vere
616 1298 757 1364 ierunt?
800 1296 929 1364 Seilioet
954 1299 990 1365 id
1013 1301 1133 1386 agitur,
1159 1304 1271 1367 utrum
1294 1299 1356 1366 hao

148 1403 307 1491 petitione
317 1425 359 1468 an
375 1402 523 1489 proxima
539 1405 669 1487 praetor
683 1403 752 1483 fias,
766 1424 834 1468 non
848 1407 888 1468 ut
901 1403 948 1468 ita
963 1404 1003 1469 de
1017 1402 1189 1490 republica
1199 1426 1355 1483 mereare,

150 1506 240 1576 omni
254 1507 374 1573 honore
389 1509 427 1571 ut
443 1506 653 1592 dignissimus
667 1505 819 1572 iudioere.
866 1508 896 1572 3.
920 1505 1045 1573 Utrum
1059 1507 1161 1573 neseis
1175 1531 1275 1594 quam
1289 1508 1355 1574 alte

150 1611 331 1678 asoenderis
347 1633 388 1674 an
404 1630 463 1692 pro
482 1609 586 1676 nihilo
606 1609 642 1675 id
656 1610 782 1696 putas?
826 1607 863 1675 Si
884 1611 997 1691 neseis,
1012 1610 1073 1677 tibi
1087 1611 1230 1698 ignosce,
1245 1634 1304 1678 nos
1319 1613 1355 1677 in

150 1715 246 1801 eulpa
261 1735 393 1779 sumus:
417 1711 468 1778 sin
482 1712 657 1800 intellegis,
672 1712 741 1777 ulla
759 1712 820 1779 tibi
835 1717 883 1779 est
905 1717 1058 1801 praetura
1072 1715 1124 1781 vel
1139 1695 1252 1797 offibio,
1267 1716 1355 1802 qnod

150 1819 255 1906 pauoi,
272 1817 324 1883 vel
339 1817 453 1904 gloria,
478 1839 577 1903 quam
597 1837 709 1882 omnes
723 1819 913 1902 sequuntur,
930 1817 1082 1883 duloior?
1125 1818 1202 1885 Hae
1217 1819 1257 1885 de
1271 1841 1307 1886 re
1322 1823 1357 1885 et

150 1946 211 2010 ego
227 1928 260 1988 et
275 1920 445 2000 Calvisius,
461 1920 557 1985 homo
569 1919 683 2005 magni
697 1919 810 1985 iudioii
825 1919 938 2005 tuique
949 1922 1199 2003 amantissimus,
1214 1926 1248 1989 te
1263 1945 1355 1990 aoou·

149 2049 258 2093 samus
280 2024 409 2092 ootidie.
456 2023 596 2089 Comitia
618 2028 739 2103 tamen,
755 2024 910 2109 quoniam
927 2047 967 2090 ex
987 2024 1028 2091 iis
1049 2027 1180 2112 pendes,
1195 2032 1355 2112 quantum

148 2132 255 2196 faeere
280 2149 459 2216 possumus,
484 2127 571 2212 quod
594 2125 708 2192 multis
733 2127 773 2192 de
799 2128 903 2192 eausis
924 2127 973 2192 rei
994 2127 1141 2215 publieae
1160 2130 1357 2196 arbitramur

149 2234 337 2310 oonduoere,
356 2231 391 2295 in
415 2228 607 2294 Ianuarium
625 2251 770 2296 mensem
795 2231 1027 2317 protrudimus.
1072 2231 1176 2299 Vinoe
1196 2233 1301 2319 igitur
1322 2237 1356 2299 et

149 2337 231 2403 valo.

183 2527 211 2574 id
221 2524 309 2585 conitar
320 2519 360 2586 ut]
380 2517 568 2582 ‘amplanning
578 2517 637 2576 this,
646 2516 727 2567 either
775 2516 820 2567 tho
838 2524 914 2578 next3
932 2521 981 2568 and
998 2518 1044 2570 not¹
1058 2522 1115 2572 that
1131 2538 1181 2586 you
1198 2521 1288 2572 should
1307 2522 1352 2573 da-

149 2595 177 2640 to
186 2590 275 2639 hasten
288 2587 351 2636 back
361 2592 388 2635 to
400 2585 443 2635 tho
456 2583 593 2633 electione!
776 2596 846 2632 sarva
857 2598 884 2632 so
892 2585 948 2633 wall
957 2584 985 2634 ot
993 2585 1037 2635 the
1045 2593 1109 2636 state
1116 2603 1143 2636 as
1153 2593 1180 2636 to
1190 2587 1222 2636 be
1229 2589 1353 2638 estoemed

182 2651 297 2717 impetus]
332 2649 495 2713 ‘impulsos'z
514 2665 554 2710 op.
566 2647 632 2697 Vell.
645 2646 673 2696 ii.
682 2648 723 2708 66,
775 2655 840 2722 most
851 2649 950 2713 worthy
961 2649 989 2700 oi
999 2666 1075 2716 every
1086 2651 1201 2702 honour.’
1226 2654 1261 2701 Id
1270 2656 1356 2715 ayttur

150 2723 175 2781 2,
188 2721 317 2768 adolescens
329 2720 430 2778 impetus
441 2716 474 2763 ad
483 2714 543 2762 balla
554 2714 662 2762 maxiani.
775 2727 797 2761 rs
805 2712 942 2763 somawhat
952 2715 1100 2779 zeugmatis,
1113 2718 1149 2779 (l)
1166 2738 1186 2757 =
1206 2716 1265 2766 ‘the
1280 2733 1352 2782 quos·

183 2784 330 2846 adipiscendi
350 2819 355 2830 .
376 2818 382 2830 .
403 2817 409 2829 .
422 2777 566 2844 j'ortinats'o]
588 2776 724 2841 ‘thispre-
774 2776 829 2826 tion
839 2776 881 2838 is,'
895 2778 930 2841 (2)
945 2778 1004 2829 ‘the
1015 2780 1151 2844 objectis!

150 2848 256 2912 cipitous
275 2847 345 2896 haste
363 2852 389 2895 to
408 2843 508 2958 aeeRuire
529 2859 544 2893 a
565 2842 724 2919 magistriano,
810 2844 833 2891 3.
855 2843 974 2919 Calvisius
1020 2862 1058 2908 cp.
1072 2851 1131 2896 nota
1142 2852 1168 2895 to
1180 2847 1236 2906 880,
1251 2847 1276 2895 3.

150 2914 234 2964 which
250 2914 272 2962 is
289 2916 353 2962 most
371 2909 500 2986 worthuess·
515 2908 565 2958 and
581 2923 694 2958 common
706 2907 729 2956 rf
792 2908 974 3022 tffrotmdsmafr
1004 2909 1355 3026 flillis&dlilcstgo‘rrfsria:gibero?

151 2974 650 3114 {iiidililhsthoibiillmdrliwuieirieauhi}
660 2977 727 3087 iliooiri
776 2986 1010 3150 {iobipexghhliiill}
1028 3056 1086 3090 usos
1103 2992 1242 3115 detrude:
1260 3056 1300 3103 op.
1320 3013 1354 3097 Q:

151 3102 728 3234 lttlltthttl,ttlrht,lllltl
778 3117 868 3242 uid·
888 3107 916 3151 ¹¹
937 3104 998 3169 ‘¹³l’
1017 3108 1031 3156 ³
1049 3107 1134 3170 ‘¹³⁶³’
1151 3105 1206 3154 m·
1224 3120 1260 3154 ¹'·
1279 3109 1352 3166 ¹⁶⁹⁶

152 3238 229 3302 liaing
240 3239 306 3302 yon'
322 3238 359 3299 (or
375 3241 381 3263 ⁴
392 3235 496 3298 lauding
506 3250 557 3298 you
569 3239 595 3282 to
606 3232 671 3282 skies
679 3233 709 3294 ’).
816 3232 889 3280 Vince
899 3235 978 3296 iqs'tm
989 3241 1013 3284 et
1029 3235 1094 3350 balag
1127 3233 1255 3295 ‘Sacoena
1268 3235 1353 3286 there·

184 3309 212 3350 ut
227 3301 348 3414 plerique}
381 3299 422 3350 is.
436 3299 544 3348 without
560 3297 655 3360 having
671 3312 725 3359 per-
776 3293 838 3356 rore,
851 3297 900 3346 and
916 3298 1021 3350 health.’
1056 3301 1192 3350 Tesame
1209 3299 1353 3351 oonolusion

151 3367 247 3416 formed
263 3382 313 3431 any
347 3362 625 3438 intinguishaduservies
643 3359 727 3411 whieh
776 3374 862 3410 occurs
881 3365 937 3422 903,
958 3367 982 3413 2.
1017 3365 1090 3415 Some
1109 3365 1201 3414 editors
1223 3364 1301 3414 insert
1321 3371 1352 3426 te,

151 3431 588 3544 milohissii⁰y⁰uiff⁵mt⁰¹tiw
631 3505 673 3541 m
700 3494 727 3539 to
776 3428 1353 3543 Lgorcrgffiyetursfilfssiaudivebugyouridea

152 3513 314 3623 supribsiifar'e
327 3493 728 3620 uh¹thiiiriipointiiwherher
776 3558 840 3614 post.
876 3507 927 3606 Bugt
950 3509 1227 3618 308,⁰1lwsliailwssstliai
1242 3509 1355 3607 iinohoil

152 3642 203 3688 you
218 3625 248 3674 be
258 3624 350 3674 ehosan
361 3629 458 3686 praetor
471 3627 498 3671 at
512 3621 564 3672 this
577 3620 683 3671 election
698 3634 728 3668 or
776 3618 829 3666 vala
844 3617 867 3668 is
882 3635 898 3670 a
914 3637 980 3673 mara
996 3624 1113 3674 formula.
