<?xml version="1.0" encoding="UTF-8"?>
<!DOCTYPE html PUBLIC "-//W3C//DTD XHTML 1.0 Transitional//EN"
    "http://www.w3.org/TR/xhtml1/DTD/xhtml1-transitional.dtd">
<html xmlns="http://www.w3.org/1999/xhtml" xml:lang="en" lang="en">
 <head>
  <title>
</title>
<meta http-equiv="Content-Type" content="text/html;charset=utf-8" />
  <meta name='ocr-system' content='tesseract 3.04.00' />
  <meta name='ocr-capabilities' content='ocr_page ocr_carea ocr_par ocr_line ocrx_word'/>
</head>
<body>
  <div class='ocr_page' id='page_1' title='image "./correspondencem01cicegoog_0407.png"; bbox 0 0 3044 5002; ppageno 0'>
   <div class='ocr_carea' id='block_1_1' title="bbox 227 384 1236 457">
    <p class='ocr_par' dir='ltr' id='par_1_1' title="bbox 227 384 1236 457">
     <span class='ocr_line' id='line_1_1' title="bbox 227 384 1236 457; baseline 0.002 -5"><span class='ocrx_word' id='word_1_1' title='bbox 227 385 294 452; x_wconf 78' lang='lat'>288</span> <span class='ocrx_word' id='word_1_2' title='bbox 424 384 806 453; x_wconf 77' lang='lat' dir='ltr'><em>PSEUDO·OIOERO</em></span> <span class='ocrx_word' id='word_1_3' title='bbox 831 386 889 453; x_wconf 74' lang='lat' dir='ltr'>TO</span> <span class='ocrx_word' id='word_1_4' title='bbox 914 388 1236 457; x_wconf 76' lang='lat' dir='ltr'><strong><em>OOTAVIANUS.</em></strong></span> 
     </span>
    </p>
   </div>
   <div class='ocr_carea' id='block_1_2' title="bbox 206 573 1434 3365">
    <p class='ocr_par' dir='ltr' id='par_1_2' title="bbox 206 573 1434 3365">
     <span class='ocr_line' id='line_1_2' title="bbox 226 573 1434 664; baseline 0.003 -23"><span class='ocrx_word' id='word_1_5' title='bbox 226 574 377 642; x_wconf 77' lang='lat' dir='ltr'><strong>sordebat</strong></span> <span class='ocrx_word' id='word_1_6' title='bbox 391 573 585 639; x_wconf 87' lang='lat' dir='ltr'>Maoedouia</span> <span class='ocrx_word' id='word_1_7' title='bbox 599 573 776 660; x_wconf 78' lang='lat' dir='ltr'>provincia,</span> <span class='ocrx_word' id='word_1_8' title='bbox 793 596 892 660; x_wconf 89' lang='lat' dir='ltr'>quam</span> <span class='ocrx_word' id='word_1_9' title='bbox 913 574 1017 642; x_wconf 86' lang='lat' dir='ltr'>vietor</span> <span class='ocrx_word' id='word_1_10' title='bbox 1031 576 1093 643; x_wconf 92' lang='lat' dir='ltr'>sibi</span> <span class='ocrx_word' id='word_1_11' title='bbox 1108 582 1289 664; x_wconf 75' lang='lat' dir='ltr'>sumpserat</span> <span class='ocrx_word' id='word_1_12' title='bbox 1304 578 1434 658; x_wconf 79' lang='lat' dir='ltr'>Caesar,</span> 
     </span>
     <span class='ocr_line' id='line_1_3' title="bbox 224 677 1434 766; baseline 0.004 -23"><span class='ocrx_word' id='word_1_13' title='bbox 224 678 307 765; x_wconf 91' lang='lat' dir='ltr'>quid</span> <span class='ocrx_word' id='word_1_14' title='bbox 321 680 362 743; x_wconf 93' lang='lat' dir='ltr'>de</span> <span class='ocrx_word' id='word_1_15' title='bbox 376 677 437 742; x_wconf 90' lang='lat' dir='ltr'>hoe</span> <span class='ocrx_word' id='word_1_16' title='bbox 456 699 586 763; x_wconf 89' lang='lat' dir='ltr'>sperare</span> <span class='ocrx_word' id='word_1_17' title='bbox 606 681 664 743; x_wconf 90' lang='lat' dir='ltr'>aut</span> <span class='ocrx_word' id='word_1_18' title='bbox 678 682 864 765; x_wconf 89' lang='lat' dir='ltr'>exspeotare</span> <span class='ocrx_word' id='word_1_19' title='bbox 884 702 943 745; x_wconf 93' lang='lat' dir='ltr'>uos</span> <span class='ocrx_word' id='word_1_20' title='bbox 965 680 1163 766; x_wconf 75' lang='lat' dir='ltr'>oportebat?</span> <span class='ocrx_word' id='word_1_21' title='bbox 1208 685 1240 746; x_wconf 90' lang='lat'>4.</span> <span class='ocrx_word' id='word_1_22' title='bbox 1263 683 1434 749; x_wconf 83' lang='lat' dir='ltr'>Exstitisti</span> 
     </span>
     <span class='ocr_line' id='line_1_4' title="bbox 224 781 1433 873; baseline 0.002 -23"><span class='ocrx_word' id='word_1_23' title='bbox 224 787 264 850; x_wconf 92' lang='lat' dir='ltr'>tu</span> <span class='ocrx_word' id='word_1_24' title='bbox 293 782 414 848; x_wconf 87' lang='lat' dir='ltr'>vindex</span> <span class='ocrx_word' id='word_1_25' title='bbox 442 786 572 847; x_wconf 89' lang='lat' dir='ltr'>nostrae</span> <span class='ocrx_word' id='word_1_26' title='bbox 600 781 773 862; x_wconf 79' lang='lat' dir='ltr'>libertatis,</span> <span class='ocrx_word' id='word_1_27' title='bbox 804 788 842 849; x_wconf 93' lang='lat' dir='ltr'>ut</span> <span class='ocrx_word' id='word_1_28' title='bbox 871 787 951 849; x_wconf 90' lang='lat' dir='ltr'>tuno</span> <span class='ocrx_word' id='word_1_29' title='bbox 983 785 1126 870; x_wconf 89' lang='lat' dir='ltr'>quidem,</span> <span class='ocrx_word' id='word_1_30' title='bbox 1158 787 1433 873; x_wconf 90' lang='lat' dir='ltr'>optimus-quod</span> 
     </span>
     <span class='ocr_line' id='line_1_5' title="bbox 225 885 1434 973; baseline 0.003 -21"><span class='ocrx_word' id='word_1_31' title='bbox 225 887 353 952; x_wconf 88' lang='lat' dir='ltr'>utinam</span> <span class='ocrx_word' id='word_1_32' title='bbox 375 907 480 971; x_wconf 92' lang='lat' dir='ltr'>neque</span> <span class='ocrx_word' id='word_1_33' title='bbox 501 890 612 951; x_wconf 91' lang='lat' dir='ltr'>nostra</span> <span class='ocrx_word' id='word_1_34' title='bbox 632 907 692 951; x_wconf 89' lang='lat' dir='ltr'>nos</span> <span class='ocrx_word' id='word_1_35' title='bbox 714 885 824 971; x_wconf 90' lang='lat' dir='ltr'>opinio</span> <span class='ocrx_word' id='word_1_36' title='bbox 851 909 957 973; x_wconf 92' lang='lat' dir='ltr'>neque</span> <span class='ocrx_word' id='word_1_37' title='bbox 976 892 1035 954; x_wconf 92' lang='lat' dir='ltr'>tua</span> <span class='ocrx_word' id='word_1_38' title='bbox 1055 888 1135 955; x_wconf 84' lang='lat' dir='ltr'>fides</span> <span class='ocrx_word' id='word_1_39' title='bbox 1156 890 1329 957; x_wconf 81' lang='lat' dir='ltr'>fefellisset</span> <span class='ocrx_word' id='word_1_40' title='bbox 1344 892 1434 956; x_wconf 86' lang='lat' dir='ltr'>l—et</span> 
     </span>
     <span class='ocr_line' id='line_1_6' title="bbox 224 988 1432 1080; baseline 0.003 -24"><span class='ocrx_word' id='word_1_41' title='bbox 224 988 385 1056; x_wconf 86' lang='lat' dir='ltr'>veteranis</span> <span class='ocrx_word' id='word_1_42' title='bbox 413 990 449 1055; x_wconf 91' lang='lat' dir='ltr'>in</span> <span class='ocrx_word' id='word_1_43' title='bbox 474 1010 579 1053; x_wconf 91' lang='lat' dir='ltr'>uuum</span> <span class='ocrx_word' id='word_1_44' title='bbox 609 989 775 1055; x_wconf 89' lang='lat' dir='ltr'>eonduotis</span> <span class='ocrx_word' id='word_1_45' title='bbox 805 995 838 1056; x_wconf 93' lang='lat' dir='ltr'>et</span> <span class='ocrx_word' id='word_1_46' title='bbox 868 991 994 1057; x_wconf 89' lang='lat' dir='ltr'>duabus</span> <span class='ocrx_word' id='word_1_47' title='bbox 1023 992 1208 1078; x_wconf 79' lang='lat' dir='ltr'>legionibus</span> <span class='ocrx_word' id='word_1_48' title='bbox 1241 1016 1261 1059; x_wconf 92' lang='lat' dir='ltr'>a</span> <span class='ocrx_word' id='word_1_49' title='bbox 1289 994 1432 1080; x_wconf 89' lang='lat' dir='ltr'>pernioie</span> 
     </span>
     <span class='ocr_line' id='line_1_7' title="bbox 223 1093 1432 1183; baseline 0.002 -22"><span class='ocrx_word' id='word_1_50' title='bbox 223 1096 349 1182; x_wconf 87' lang='lat' dir='ltr'>patriae</span> <span class='ocrx_word' id='word_1_51' title='bbox 378 1097 421 1161; x_wconf 91' lang='lat' dir='ltr'>ad</span> <span class='ocrx_word' id='word_1_52' title='bbox 450 1094 588 1160; x_wconf 91' lang='lat' dir='ltr'>salutem</span> <span class='ocrx_word' id='word_1_53' title='bbox 617 1093 783 1160; x_wconf 82' lang='lat' dir='ltr'>advocatis</span> <span class='ocrx_word' id='word_1_54' title='bbox 812 1094 921 1161; x_wconf 89' lang='lat' dir='ltr'>subito</span> <span class='ocrx_word' id='word_1_55' title='bbox 952 1118 1052 1182; x_wconf 90' lang='lat' dir='ltr'>prope</span> <span class='ocrx_word' id='word_1_56' title='bbox 1077 1097 1145 1162; x_wconf 88' lang='lat' dir='ltr'>iam</span> <span class='ocrx_word' id='word_1_57' title='bbox 1169 1099 1373 1183; x_wconf 87' lang='lat' dir='ltr'>desperatam</span> <span class='ocrx_word' id='word_1_58' title='bbox 1398 1101 1432 1164; x_wconf 87' lang='lat' dir='ltr'>et</span> 
     </span>
     <span class='ocr_line' id='line_1_8' title="bbox 220 1197 1431 1286; baseline 0 -19"><span class='ocrx_word' id='word_1_59' title='bbox 220 1200 375 1267; x_wconf 85' lang='lat' dir='ltr'>affliotam</span> <span class='ocrx_word' id='word_1_60' title='bbox 391 1222 428 1265; x_wconf 89' lang='lat' dir='ltr'>ae</span> <span class='ocrx_word' id='word_1_61' title='bbox 448 1201 644 1284; x_wconf 86' lang='lat' dir='ltr'>prostratam</span> <span class='ocrx_word' id='word_1_62' title='bbox 658 1220 727 1264; x_wconf 91' lang='lat' dir='ltr'>rem</span> <span class='ocrx_word' id='word_1_63' title='bbox 742 1197 906 1283; x_wconf 90' lang='lat' dir='ltr'>publioam</span> <span class='ocrx_word' id='word_1_64' title='bbox 920 1199 987 1265; x_wconf 92' lang='lat' dir='ltr'>tuis</span> <span class='ocrx_word' id='word_1_65' title='bbox 1002 1200 1118 1286; x_wconf 92' lang='lat' dir='ltr'>opibus</span> <span class='ocrx_word' id='word_1_66' title='bbox 1133 1200 1291 1267; x_wconf 83' lang='lat' dir='ltr'>extulisti.</span> <span class='ocrx_word' id='word_1_67' title='bbox 1336 1201 1431 1275; x_wconf 78' lang='lat' dir='ltr'>Quae</span> 
     </span>
     <span class='ocr_line' id='line_1_9' title="bbox 221 1301 1430 1393; baseline 0.002 -22"><span class='ocrx_word' id='word_1_68' title='bbox 221 1304 285 1371; x_wconf 91' lang='lat' dir='ltr'>tibi</span> <span class='ocrx_word' id='word_1_69' title='bbox 306 1326 373 1370; x_wconf 89' lang='lat' dir='ltr'>non</span> <span class='ocrx_word' id='word_1_70' title='bbox 387 1307 474 1384; x_wconf 90' lang='lat' dir='ltr'>ante,</span> <span class='ocrx_word' id='word_1_71' title='bbox 498 1324 595 1388; x_wconf 85' lang='lat' dir='ltr'>quam</span> <span class='ocrx_word' id='word_1_72' title='bbox 616 1301 805 1387; x_wconf 87' lang='lat' dir='ltr'>postulares,</span> <span class='ocrx_word' id='word_1_73' title='bbox 820 1303 954 1382; x_wconf 88' lang='lat' dir='ltr'>maiora,</span> <span class='ocrx_word' id='word_1_74' title='bbox 971 1326 1069 1389; x_wconf 90' lang='lat' dir='ltr'>quam</span> <span class='ocrx_word' id='word_1_75' title='bbox 1084 1304 1194 1385; x_wconf 89' lang='lat' dir='ltr'>velles,</span> <span class='ocrx_word' id='word_1_76' title='bbox 1210 1305 1314 1391; x_wconf 90' lang='lat' dir='ltr'>plura,</span> <span class='ocrx_word' id='word_1_77' title='bbox 1331 1328 1430 1393; x_wconf 90' lang='lat' dir='ltr'>quam</span> 
     </span>
     <span class='ocr_line' id='line_1_10' title="bbox 222 1406 1429 1497; baseline 0.003 -23"><span class='ocrx_word' id='word_1_78' title='bbox 222 1430 374 1497; x_wconf 86' lang='lat' dir='ltr'>sperares,</span> <span class='ocrx_word' id='word_1_79' title='bbox 409 1406 529 1472; x_wconf 90' lang='lat' dir='ltr'>detulit</span> <span class='ocrx_word' id='word_1_80' title='bbox 563 1406 727 1472; x_wconf 90' lang='lat' dir='ltr'>senatus?</span> <span class='ocrx_word' id='word_1_81' title='bbox 764 1406 857 1472; x_wconf 84' lang='lat' dir='ltr'>dedit</span> <span class='ocrx_word' id='word_1_82' title='bbox 898 1407 1011 1488; x_wconf 86' lang='lat' dir='ltr'>fasoes,</span> <span class='ocrx_word' id='word_1_83' title='bbox 1052 1412 1092 1475; x_wconf 88' lang='lat' dir='ltr'>ut</span> <span class='ocrx_word' id='word_1_84' title='bbox 1125 1431 1199 1475; x_wconf 89' lang='lat' dir='ltr'>oum</span> <span class='ocrx_word' id='word_1_85' title='bbox 1234 1411 1429 1478; x_wconf 86' lang='lat' dir='ltr'>austeritate</span> 
     </span>
     <span class='ocr_line' id='line_1_11' title="bbox 219 1509 1426 1597; baseline 0 -17"><span class='ocrx_word' id='word_1_86' title='bbox 219 1513 425 1580; x_wconf 85' lang='lat' dir='ltr'>defensorem</span> <span class='ocrx_word' id='word_1_87' title='bbox 458 1509 602 1590; x_wconf 91' lang='lat' dir='ltr'>haberet,</span> <span class='ocrx_word' id='word_1_88' title='bbox 639 1531 706 1576; x_wconf 92' lang='lat' dir='ltr'>uon</span> <span class='ocrx_word' id='word_1_89' title='bbox 741 1514 780 1576; x_wconf 92' lang='lat' dir='ltr'>ut</span> <span class='ocrx_word' id='word_1_90' title='bbox 819 1510 955 1597; x_wconf 90' lang='lat' dir='ltr'>imperio</span> <span class='ocrx_word' id='word_1_91' title='bbox 990 1534 1024 1579; x_wconf 88' lang='lat' dir='ltr'>sa</span> <span class='ocrx_word' id='word_1_92' title='bbox 1056 1514 1227 1579; x_wconf 88' lang='lat' dir='ltr'>adversum</span> <span class='ocrx_word' id='word_1_93' title='bbox 1262 1522 1426 1595; x_wconf 90' lang='lat' dir='ltr'>armaret;</span> 
     </span>
     <span class='ocr_line' id='line_1_12' title="bbox 216 1612 1425 1705; baseline -0.002 -20"><span class='ocrx_word' id='word_1_94' title='bbox 216 1617 398 1705; x_wconf 84' lang='lat' dir='ltr'>appellavit</span> <span class='ocrx_word' id='word_1_95' title='bbox 422 1616 650 1700; x_wconf 86' lang='lat' dir='ltr'>imperatorem</span> <span class='ocrx_word' id='word_1_96' title='bbox 678 1612 822 1681; x_wconf 90' lang='lat' dir='ltr'>hostium</span> <span class='ocrx_word' id='word_1_97' title='bbox 852 1615 997 1681; x_wconf 76' lang='lat' dir='ltr'>exer-situ</span> <span class='ocrx_word' id='word_1_98' title='bbox 1027 1616 1120 1702; x_wconf 90' lang='lat' dir='ltr'>pulso</span> <span class='ocrx_word' id='word_1_99' title='bbox 1149 1617 1296 1682; x_wconf 91' lang='lat' dir='ltr'>tribuens</span> <span class='ocrx_word' id='word_1_100' title='bbox 1322 1617 1425 1684; x_wconf 92' lang='lat' dir='ltr'>hono·</span> 
     </span>
     <span class='ocr_line' id='line_1_13' title="bbox 219 1717 1426 1804; baseline -0.001 -15"><span class='ocrx_word' id='word_1_101' title='bbox 219 1744 299 1801; x_wconf 90' lang='lat' dir='ltr'>rem,</span> <span class='ocrx_word' id='word_1_102' title='bbox 325 1742 391 1785; x_wconf 91' lang='lat' dir='ltr'>non</span> <span class='ocrx_word' id='word_1_103' title='bbox 417 1723 454 1783; x_wconf 92' lang='lat' dir='ltr'>ut</span> <span class='ocrx_word' id='word_1_104' title='bbox 479 1723 538 1783; x_wconf 92' lang='lat' dir='ltr'>tua</span> <span class='ocrx_word' id='word_1_105' title='bbox 567 1717 664 1783; x_wconf 88' lang='lat' dir='ltr'>eaede</span> <span class='ocrx_word' id='word_1_106' title='bbox 688 1739 797 1783; x_wconf 89' lang='lat' dir='ltr'>oaesus</span> <span class='ocrx_word' id='word_1_107' title='bbox 817 1717 875 1784; x_wconf 92' lang='lat' dir='ltr'>ille</span> <span class='ocrx_word' id='word_1_108' title='bbox 903 1718 1037 1804; x_wconf 79' lang='lat' dir='ltr'>fugiens</span> <span class='ocrx_word' id='word_1_109' title='bbox 1067 1720 1227 1786; x_wconf 88' lang='lat' dir='ltr'>exereitus</span> <span class='ocrx_word' id='word_1_110' title='bbox 1254 1725 1288 1787; x_wconf 91' lang='lat' dir='ltr'>te</span> <span class='ocrx_word' id='word_1_111' title='bbox 1318 1721 1426 1788; x_wconf 91' lang='lat' dir='ltr'>uomi-</span> 
     </span>
     <span class='ocr_line' id='line_1_14' title="bbox 218 1821 1425 1908; baseline -0.001 -16"><span class='ocrx_word' id='word_1_112' title='bbox 218 1829 313 1892; x_wconf 89' lang='lat' dir='ltr'>narst</span> <span class='ocrx_word' id='word_1_113' title='bbox 334 1824 583 1908; x_wconf 68' lang='lat' dir='ltr'>imperatorem</span> <span class='ocrx_word' id='word_1_114' title='bbox 607 1822 749 1888; x_wconf 83' lang='lat' dir='ltr'>deorevit</span> <span class='ocrx_word' id='word_1_115' title='bbox 774 1821 810 1887; x_wconf 93' lang='lat' dir='ltr'>in</span> <span class='ocrx_word' id='word_1_116' title='bbox 835 1822 905 1888; x_wconf 84' lang='lat' dir='ltr'>foro</span> <span class='ocrx_word' id='word_1_117' title='bbox 931 1827 1084 1902; x_wconf 89' lang='lat' dir='ltr'>statuam,</span> <span class='ocrx_word' id='word_1_118' title='bbox 1106 1823 1213 1889; x_wconf 90' lang='lat' dir='ltr'>losum</span> <span class='ocrx_word' id='word_1_119' title='bbox 1236 1824 1271 1888; x_wconf 93' lang='lat' dir='ltr'>iu</span> <span class='ocrx_word' id='word_1_120' title='bbox 1297 1828 1425 1901; x_wconf 88' lang='lat' dir='ltr'>senatu,</span> 
     </span>
     <span class='ocr_line' id='line_1_15' title="bbox 217 1924 1426 2013; baseline -0.001 -16"><span class='ocrx_word' id='word_1_121' title='bbox 217 1950 383 1997; x_wconf 85' lang='lat' dir='ltr'>summum</span> <span class='ocrx_word' id='word_1_122' title='bbox 397 1926 552 1992; x_wconf 90' lang='lat' dir='ltr'>honorem</span> <span class='ocrx_word' id='word_1_123' title='bbox 567 1930 644 1992; x_wconf 90' lang='lat' dir='ltr'>aute</span> <span class='ocrx_word' id='word_1_124' title='bbox 665 1931 804 2013; x_wconf 89' lang='lat' dir='ltr'>tempus.</span> <span class='ocrx_word' id='word_1_125' title='bbox 850 1926 881 1991; x_wconf 82' lang='lat'>5.</span> <span class='ocrx_word' id='word_1_126' title='bbox 905 1924 942 1992; x_wconf 80' lang='lat' dir='ltr'>si</span> <span class='ocrx_word' id='word_1_127' title='bbox 962 1925 1042 2013; x_wconf 89' lang='lat' dir='ltr'>quid</span> <span class='ocrx_word' id='word_1_128' title='bbox 1060 1927 1151 1992; x_wconf 89' lang='lat' dir='ltr'>aliud</span> <span class='ocrx_word' id='word_1_129' title='bbox 1175 1933 1233 2007; x_wconf 89' lang='lat' dir='ltr'>est,</span> <span class='ocrx_word' id='word_1_130' title='bbox 1249 1930 1337 2013; x_wconf 91' lang='lat' dir='ltr'>quod</span> <span class='ocrx_word' id='word_1_131' title='bbox 1353 1931 1426 1996; x_wconf 89' lang='lat' dir='ltr'>dari</span> 
     </span>
     <span class='ocr_line' id='line_1_16' title="bbox 216 2029 1423 2122; baseline -0.001 -22"><span class='ocrx_word' id='word_1_132' title='bbox 216 2032 328 2122; x_wconf 92' lang='lat' dir='ltr'>possit,</span> <span class='ocrx_word' id='word_1_133' title='bbox 344 2030 461 2096; x_wconf 86' lang='lat' dir='ltr'>addet:</span> <span class='ocrx_word' id='word_1_134' title='bbox 478 2029 663 2114; x_wconf 68' lang='lat' dir='ltr'>quid&#39;aliud</span> <span class='ocrx_word' id='word_1_135' title='bbox 679 2035 727 2096; x_wconf 91' lang='lat' dir='ltr'>est</span> <span class='ocrx_word' id='word_1_136' title='bbox 741 2029 855 2110; x_wconf 84' lang='lat' dir='ltr'>maius,</span> <span class='ocrx_word' id='word_1_137' title='bbox 872 2031 959 2117; x_wconf 92' lang='lat' dir='ltr'>quod</span> <span class='ocrx_word' id='word_1_138' title='bbox 974 2030 1054 2096; x_wconf 83' lang='lat' dir='ltr'>velis</span> <span class='ocrx_word' id='word_1_139' title='bbox 1069 2032 1221 2097; x_wconf 89' lang='lat' dir='ltr'>sumere?</span> <span class='ocrx_word' id='word_1_140' title='bbox 1243 2032 1423 2099; x_wconf 90' lang='lat' dir='ltr'>sinautem</span> 
     </span>
     <span class='ocr_line' id='line_1_17' title="bbox 216 2135 1423 2223; baseline -0.002 -17"><span class='ocrx_word' id='word_1_141' title='bbox 216 2158 315 2223; x_wconf 89' lang='lat' dir='ltr'>supra</span> <span class='ocrx_word' id='word_1_142' title='bbox 341 2137 491 2213; x_wconf 82' lang='lat' dir='ltr'>aetatem,</span> <span class='ocrx_word' id='word_1_143' title='bbox 515 2155 613 2220; x_wconf 91' lang='lat' dir='ltr'>supra</span> <span class='ocrx_word' id='word_1_144' title='bbox 635 2135 915 2213; x_wconf 89' lang='lat' dir='ltr'>eonsuetudinem,</span> <span class='ocrx_word' id='word_1_145' title='bbox 941 2156 1040 2220; x_wconf 92' lang='lat' dir='ltr'>supra</span> <span class='ocrx_word' id='word_1_146' title='bbox 1063 2135 1162 2201; x_wconf 89' lang='lat' dir='ltr'>etiam</span> <span class='ocrx_word' id='word_1_147' title='bbox 1186 2137 1423 2204; x_wconf 86' lang='lat' dir='ltr'>mortalitatem</span> 
     </span>
     <span class='ocr_line' id='line_1_18' title="bbox 215 2237 1423 2323; baseline -0.002 -14"><span class='ocrx_word' id='word_1_148' title='bbox 215 2247 307 2310; x_wconf 87' lang='lat' dir='ltr'>tuam</span> <span class='ocrx_word' id='word_1_149' title='bbox 321 2237 383 2305; x_wconf 91' lang='lat' dir='ltr'>tibi</span> <span class='ocrx_word' id='word_1_150' title='bbox 405 2241 482 2303; x_wconf 90' lang='lat' dir='ltr'>suut</span> <span class='ocrx_word' id='word_1_151' title='bbox 497 2237 607 2303; x_wconf 92' lang='lat' dir='ltr'>omnia</span> <span class='ocrx_word' id='word_1_152' title='bbox 624 2237 758 2318; x_wconf 86' lang='lat' dir='ltr'>tribute,</span> <span class='ocrx_word' id='word_1_153' title='bbox 774 2260 832 2304; x_wconf 94' lang='lat' dir='ltr'>our</span> <span class='ocrx_word' id='word_1_154' title='bbox 851 2241 910 2304; x_wconf 88' lang='lat' dir='ltr'>aut</span> <span class='ocrx_word' id='word_1_155' title='bbox 929 2242 966 2304; x_wconf 90' lang='lat' dir='ltr'>ut</span> <span class='ocrx_word' id='word_1_156' title='bbox 988 2238 1158 2323; x_wconf 82' lang='lat' dir='ltr'>ingratum</span> <span class='ocrx_word' id='word_1_157' title='bbox 1172 2240 1347 2306; x_wconf 76' lang='lat' dir='ltr'>crudeliter</span> <span class='ocrx_word' id='word_1_158' title='bbox 1362 2244 1423 2308; x_wconf 88' lang='lat' dir='ltr'>aut</span> 
     </span>
     <span class='ocr_line' id='line_1_19' title="bbox 214 2338 1419 2417; baseline 0 -6"><span class='ocrx_word' id='word_1_159' title='bbox 214 2350 253 2413; x_wconf 89' lang='lat' dir='ltr'>ut</span> <span class='ocrx_word' id='word_1_160' title='bbox 267 2346 488 2409; x_wconf 89' lang='lat' dir='ltr'>immemorem</span> <span class='ocrx_word' id='word_1_161' title='bbox 499 2338 646 2407; x_wconf 85' lang='lat' dir='ltr'>benefioii</span> <span class='ocrx_word' id='word_1_162' title='bbox 654 2341 705 2406; x_wconf 93' lang='lat' dir='ltr'>tui</span> <span class='ocrx_word' id='word_1_163' title='bbox 720 2341 872 2408; x_wconf 86' lang='lat' dir='ltr'>seelerate</span> <span class='ocrx_word' id='word_1_164' title='bbox 887 2341 1120 2409; x_wconf 89' lang='lat' dir='ltr'>oiroumseribis</span> <span class='ocrx_word' id='word_1_165' title='bbox 1134 2345 1313 2410; x_wconf 88' lang='lat' dir='ltr'>senatum?</span> <span class='ocrx_word' id='word_1_166' title='bbox 1344 2344 1419 2417; x_wconf 79' lang='lat' dir='ltr'>Quo</span> 
     </span>
     <span class='ocr_line' id='line_1_20' title="bbox 213 2444 1421 2532; baseline -0.002 -15"><span class='ocrx_word' id='word_1_167' title='bbox 213 2455 247 2517; x_wconf 93' lang='lat' dir='ltr'>te</span> <span class='ocrx_word' id='word_1_168' title='bbox 276 2446 450 2513; x_wconf 79' lang='lat' dir='ltr'>misimus?</span> <span class='ocrx_word' id='word_1_169' title='bbox 482 2466 503 2509; x_wconf 89' lang='lat' dir='ltr'>a</span> <span class='ocrx_word' id='word_1_170' title='bbox 532 2444 650 2531; x_wconf 91' lang='lat' dir='ltr'>quibus</span> <span class='ocrx_word' id='word_1_171' title='bbox 677 2444 879 2512; x_wconf 84' lang='lat' dir='ltr'>reverteris?</span> <span class='ocrx_word' id='word_1_172' title='bbox 933 2445 1055 2512; x_wconf 80' lang='lat' dir='ltr'>Contra</span> <span class='ocrx_word' id='word_1_173' title='bbox 1084 2468 1164 2532; x_wconf 90' lang='lat' dir='ltr'>quos</span> <span class='ocrx_word' id='word_1_174' title='bbox 1193 2448 1421 2514; x_wconf 76' lang='lat' dir='ltr'>armavimus?</span> 
     </span>
     <span class='ocr_line' id='line_1_21' title="bbox 213 2547 1416 2642; baseline 0 -24"><span class='ocrx_word' id='word_1_175' title='bbox 213 2551 331 2642; x_wconf 88' lang='lat' dir='ltr'>quibus</span> <span class='ocrx_word' id='word_1_176' title='bbox 346 2571 437 2615; x_wconf 88' lang='lat' dir='ltr'>arma</span> <span class='ocrx_word' id='word_1_177' title='bbox 451 2549 574 2634; x_wconf 83' lang='lat' dir='ltr'>eogitas</span> <span class='ocrx_word' id='word_1_178' title='bbox 587 2548 736 2615; x_wconf 84' lang='lat' dir='ltr'>inferre?</span> <span class='ocrx_word' id='word_1_179' title='bbox 779 2547 814 2615; x_wconf 81' lang='lat' dir='ltr'><strong>A</strong></span> <span class='ocrx_word' id='word_1_180' title='bbox 828 2549 946 2636; x_wconf 90' lang='lat' dir='ltr'>quibus</span> <span class='ocrx_word' id='word_1_181' title='bbox 960 2550 1137 2616; x_wconf 86' lang='lat' dir='ltr'>exereitum</span> <span class='ocrx_word' id='word_1_182' title='bbox 1152 2549 1311 2617; x_wconf 90' lang='lat' dir='ltr'>abduois?</span> <span class='ocrx_word' id='word_1_183' title='bbox 1333 2573 1416 2637; x_wconf 92' lang='lat' dir='ltr'>quos</span> 
     </span>
     <span class='ocr_line' id='line_1_22' title="bbox 213 2652 1416 2738; baseline -0.001 -16"><span class='ocrx_word' id='word_1_184' title='bbox 213 2658 366 2723; x_wconf 89' lang='lat' dir='ltr'>adversus</span> <span class='ocrx_word' id='word_1_185' title='bbox 402 2653 502 2718; x_wconf 89' lang='lat' dir='ltr'>aoiem</span> <span class='ocrx_word' id='word_1_186' title='bbox 538 2652 665 2718; x_wconf 89' lang='lat' dir='ltr'>struis?</span> <span class='ocrx_word' id='word_1_187' title='bbox 724 2652 791 2719; x_wconf 81' lang='lat' dir='ltr'>Gur</span> <span class='ocrx_word' id='word_1_188' title='bbox 820 2652 922 2719; x_wconf 89' lang='lat' dir='ltr'>hostis</span> <span class='ocrx_word' id='word_1_189' title='bbox 953 2652 1159 2738; x_wconf 88' lang='lat' dir='ltr'>relinquitur,</span> <span class='ocrx_word' id='word_1_190' title='bbox 1198 2655 1278 2720; x_wconf 87' lang='lat' dir='ltr'>eivis</span> <span class='ocrx_word' id='word_1_191' title='bbox 1312 2656 1416 2722; x_wconf 92' lang='lat' dir='ltr'>hostis</span> 
     </span>
     <span class='ocr_line' id='line_1_23' title="bbox 212 2754 1417 2844; baseline -0.002 -17"><span class='ocrx_word' id='word_1_192' title='bbox 212 2760 281 2827; x_wconf 93' lang='lat' dir='ltr'>looo</span> <span class='ocrx_word' id='word_1_193' title='bbox 306 2756 456 2844; x_wconf 86' lang='lat' dir='ltr'>petitur?</span> <span class='ocrx_word' id='word_1_194' title='bbox 501 2754 568 2821; x_wconf 84' lang='lat' dir='ltr'>Our</span> <span class='ocrx_word' id='word_1_195' title='bbox 597 2760 702 2821; x_wconf 90' lang='lat' dir='ltr'>eastra</span> <span class='ocrx_word' id='word_1_196' title='bbox 727 2756 834 2822; x_wconf 92' lang='lat' dir='ltr'>medio</span> <span class='ocrx_word' id='word_1_197' title='bbox 863 2756 980 2823; x_wconf 86' lang='lat' dir='ltr'>itinere</span> <span class='ocrx_word' id='word_1_198' title='bbox 1009 2756 1141 2843; x_wconf 80' lang='lat' dir='ltr'>longius</span> <span class='ocrx_word' id='word_1_199' title='bbox 1170 2761 1208 2822; x_wconf 83' lang='lat' dir='ltr'>ab</span> <span class='ocrx_word' id='word_1_200' title='bbox 1238 2759 1417 2825; x_wconf 89' lang='lat' dir='ltr'>adversari·</span> 
     </span>
     <span class='ocr_line' id='line_1_24' title="bbox 212 2858 1417 2949; baseline -0.001 -19"><span class='ocrx_word' id='word_1_201' title='bbox 212 2884 304 2930; x_wconf 88' lang='lat' dir='ltr'>orum</span> <span class='ocrx_word' id='word_1_202' title='bbox 328 2860 440 2926; x_wconf 89' lang='lat' dir='ltr'>eastris</span> <span class='ocrx_word' id='word_1_203' title='bbox 462 2862 496 2925; x_wconf 90' lang='lat' dir='ltr'>et</span> <span class='ocrx_word' id='word_1_204' title='bbox 516 2859 650 2945; x_wconf 90' lang='lat' dir='ltr'>propius</span> <span class='ocrx_word' id='word_1_205' title='bbox 670 2858 786 2926; x_wconf 87' lang='lat' dir='ltr'>urbem</span> <span class='ocrx_word' id='word_1_206' title='bbox 811 2861 1010 2926; x_wconf 84' lang='lat' dir='ltr'>morentur?</span> <span class='ocrx_word' id='word_1_207' title='bbox 1064 2860 1162 2947; x_wconf 77' lang='lat' dir='ltr'>(legit</span> <span class='ocrx_word' id='word_1_208' title='bbox 1187 2861 1319 2928; x_wconf 91' lang='lat' dir='ltr'>illorum</span> <span class='ocrx_word' id='word_1_209' title='bbox 1345 2885 1417 2949; x_wconf 90' lang='lat' dir='ltr'>spes</span> 
     </span>
     <span class='ocr_line' id='line_1_25' title="bbox 211 2962 1416 3052; baseline -0.002 -17"><span class='ocrx_word' id='word_1_210' title='bbox 211 2966 337 3052; x_wconf 87' lang='lat' dir='ltr'>aliquid</span> <span class='ocrx_word' id='word_1_211' title='bbox 357 2986 416 3029; x_wconf 88' lang='lat' dir='ltr'>nos</span> <span class='ocrx_word' id='word_1_212' title='bbox 438 2962 562 3028; x_wconf 89' lang='lat' dir='ltr'>timere.</span> <span class='ocrx_word' id='word_1_213' title='bbox 609 2962 641 3028; x_wconf 89' lang='grc'>6.</span> <span class='ocrx_word' id='word_1_214' title='bbox 664 2962 764 3029; x_wconf 92' lang='lat' dir='ltr'>Ome</span> <span class='ocrx_word' id='word_1_215' title='bbox 786 2985 967 3049; x_wconf 90' lang='lat' dir='ltr'>numquam</span> <span class='ocrx_word' id='word_1_216' title='bbox 981 2964 1163 3051; x_wconf 90' lang='lat' dir='ltr'>sapientem</span> <span class='ocrx_word' id='word_1_217' title='bbox 1185 2969 1219 3030; x_wconf 92' lang='lat' dir='ltr'>et</span> <span class='ocrx_word' id='word_1_218' title='bbox 1242 2967 1416 3050; x_wconf 89' lang='lat' dir='ltr'>aliquando</span> 
     </span>
     <span class='ocr_line' id='line_1_26' title="bbox 210 3066 1416 3156; baseline -0.002 -18"><span class='ocrx_word' id='word_1_219' title='bbox 210 3072 257 3151; x_wconf 91' lang='lat' dir='ltr'>id,</span> <span class='ocrx_word' id='word_1_220' title='bbox 288 3069 376 3156; x_wconf 92' lang='lat' dir='ltr'>quod</span> <span class='ocrx_word' id='word_1_221' title='bbox 405 3089 471 3133; x_wconf 93' lang='lat' dir='ltr'>non</span> <span class='ocrx_word' id='word_1_222' title='bbox 498 3088 597 3143; x_wconf 89' lang='lat' dir='ltr'>eram,</span> <span class='ocrx_word' id='word_1_223' title='bbox 624 3067 746 3133; x_wconf 83' lang='lat' dir='ltr'>frustra</span> <span class='ocrx_word' id='word_1_224' title='bbox 772 3066 1014 3134; x_wconf 83' lang='lat' dir='ltr'>existimatum!</span> <span class='ocrx_word' id='word_1_225' title='bbox 1043 3073 1204 3153; x_wconf 89' lang='lat' dir='ltr'>quantum</span> <span class='ocrx_word' id='word_1_226' title='bbox 1230 3073 1273 3147; x_wconf 90' lang='lat' dir='ltr'>te,</span> <span class='ocrx_word' id='word_1_227' title='bbox 1299 3069 1416 3155; x_wconf 91' lang='lat' dir='ltr'>popule</span> 
     </span>
     <span class='ocr_line' id='line_1_27' title="bbox 211 3168 1415 3259; baseline -0.001 -18"><span class='ocrx_word' id='word_1_228' title='bbox 211 3173 369 3251; x_wconf 87' lang='lat' dir='ltr'>Romane,</span> <span class='ocrx_word' id='word_1_229' title='bbox 390 3171 430 3235; x_wconf 91' lang='lat' dir='ltr'>ds</span> <span class='ocrx_word' id='word_1_230' title='bbox 451 3191 503 3235; x_wconf 91' lang='lat' dir='ltr'>me</span> <span class='ocrx_word' id='word_1_231' title='bbox 522 3168 642 3235; x_wconf 81' lang='lat' dir='ltr'>fefellit</span> <span class='ocrx_word' id='word_1_232' title='bbox 665 3171 796 3255; x_wconf 75' lang='lat' dir='ltr'>opinio?</span> <span class='ocrx_word' id='word_1_233' title='bbox 843 3171 999 3238; x_wconf 90' lang='lat' dir='ltr'>Omeam</span> <span class='ocrx_word' id='word_1_234' title='bbox 1021 3171 1242 3237; x_wconf 75' lang='lat' dir='ltr'>calamitosam</span> <span class='ocrx_word' id='word_1_235' title='bbox 1265 3196 1302 3238; x_wconf 87' lang='lat' dir='ltr'>ao</span> <span class='ocrx_word' id='word_1_236' title='bbox 1324 3196 1415 3259; x_wconf 90' lang='lat' dir='ltr'>prae·</span> 
     </span>
     <span class='ocr_line' id='line_1_28' title="bbox 206 3273 1415 3365; baseline -0.002 -21"><span class='ocrx_word' id='word_1_237' title='bbox 206 3277 342 3365; x_wconf 89' lang='lat' dir='ltr'>eipitem</span> <span class='ocrx_word' id='word_1_238' title='bbox 365 3273 584 3340; x_wconf 84' lang='lat' dir='ltr'>senestutem!</span> <span class='ocrx_word' id='word_1_239' title='bbox 615 3295 634 3338; x_wconf 96' lang='lat' dir='ltr'>o</span> <span class='ocrx_word' id='word_1_240' title='bbox 661 3279 791 3360; x_wconf 88' lang='lat' dir='ltr'>turpem</span> <span class='ocrx_word' id='word_1_241' title='bbox 820 3279 934 3341; x_wconf 84' lang='lat' dir='ltr'>exaota</span> <span class='ocrx_word' id='word_1_242' title='bbox 960 3275 1166 3360; x_wconf 88' lang='lat' dir='ltr'>dementique</span> <span class='ocrx_word' id='word_1_243' title='bbox 1197 3280 1303 3340; x_wconf 85' lang='lat' dir='ltr'>aetate</span> <span class='ocrx_word' id='word_1_244' title='bbox 1326 3278 1415 3342; x_wconf 88' lang='lat' dir='ltr'>oani-</span> 
     </span>
    </p>
   </div>
   <div class='ocr_carea' id='block_1_3' title="bbox 200 3410 1415 4450">
    <p class='ocr_par' dir='ltr' id='par_1_3' title="bbox 203 3410 1415 4193">
     <span class='ocr_line' id='line_1_29' title="bbox 203 3410 1415 3500; baseline 0.002 -38"><span class='ocrx_word' id='word_1_245' title='bbox 203 3415 428 3479; x_wconf 64' lang='lat' dir='ltr'>praeterissemus</span> <span class='ocrx_word' id='word_1_246' title='bbox 436 3412 662 3471; x_wconf 64' lang='lat' dir='ltr'>ermenmarus.</span> <span class='ocrx_word' id='word_1_247' title='bbox 687 3410 742 3461; x_wconf 85' lang='lat' dir='ltr'>The</span> <span class='ocrx_word' id='word_1_248' title='bbox 750 3411 786 3462; x_wconf 90' lang='lat' dir='ltr'>di·</span> <span class='ocrx_word' id='word_1_249' title='bbox 840 3415 900 3462; x_wconf 83' lang='lat' dir='ltr'>‘not</span> <span class='ocrx_word' id='word_1_250' title='bbox 909 3411 1415 3500; x_wconf 27' lang='lat' dir='ltr'>tbatitsboulduarmpuswivthsuprsma</span> 
     </span>
     <span class='ocr_line' id='line_1_30' title="bbox 207 3475 1414 3616; baseline -0.004 -21"><span class='ocrx_word' id='word_1_251' title='bbox 207 3493 342 3595; x_wconf 58' lang='lat' dir='ltr'>W?</span> <span class='ocrx_word' id='word_1_252' title='bbox 352 3475 786 3616; x_wconf 57' lang='lat' dir='ltr'>tbttttuttfflttffit</span> <span class='ocrx_word' id='word_1_253' title='bbox 836 3475 1414 3606; x_wconf 55' lang='lat' dir='ltr'>:reseruassemus</span> 
     </span>
     <span class='ocr_line' id='line_1_31' title="bbox 206 3604 1414 3670; baseline -0.002 -10"><span class='ocrx_word' id='word_1_254' title='bbox 206 3609 273 3660; x_wconf 83' lang='lat' dir='ltr'>until</span> <span class='ocrx_word' id='word_1_255' title='bbox 289 3622 357 3658; x_wconf 91' lang='lat' dir='ltr'>some</span> <span class='ocrx_word' id='word_1_256' title='bbox 371 3605 543 3656; x_wconf 88' lang='lat' dir='ltr'>intermedrate</span> <span class='ocrx_word' id='word_1_257' title='bbox 558 3619 591 3654; x_wconf 73' lang='lat' dir='ltr'>us</span> <span class='ocrx_word' id='word_1_258' title='bbox 606 3620 628 3654; x_wconf 84' lang='lat' dir='ltr'>rs</span> <span class='ocrx_word' id='word_1_259' title='bbox 644 3605 785 3656; x_wconf 86' lang='lat' dir='ltr'>drsoovered</span> <span class='ocrx_word' id='word_1_260' title='bbox 836 3604 901 3656; x_wconf 77' lang='lat' dir='ltr'>aroer</span> <span class='ocrx_word' id='word_1_261' title='bbox 915 3605 959 3656; x_wconf 88' lang='lat' dir='ltr'>the</span> <span class='ocrx_word' id='word_1_262' title='bbox 975 3605 1044 3656; x_wconf 85' lang='lat' dir='ltr'>word</span> <span class='ocrx_word' id='word_1_263' title='bbox 1062 3605 1083 3656; x_wconf 88' lang='lat' dir='ltr'>it</span> <span class='ocrx_word' id='word_1_264' title='bbox 1101 3622 1214 3670; x_wconf 78' lang='lat' dir='ltr'>gorems.</span> <span class='ocrx_word' id='word_1_265' title='bbox 1248 3606 1357 3669; x_wconf 86' lang='lat' dir='ltr'>Perhaps</span> <span class='ocrx_word' id='word_1_266' title='bbox 1374 3623 1414 3658; x_wconf 82' lang='lat' dir='ltr'>wo</span> 
     </span>
     <span class='ocr_line' id='line_1_32' title="bbox 207 3669 1413 3734; baseline -0.003 -8"><span class='ocrx_word' id='word_1_267' title='bbox 207 3675 279 3726; x_wconf 84' lang='lat' dir='ltr'>baffia</span> <span class='ocrx_word' id='word_1_268' title='bbox 289 3670 457 3734; x_wconf 80' lang='lat' dir='ltr'>explanation.</span> <span class='ocrx_word' id='word_1_269' title='bbox 481 3669 783 3721; x_wconf 87' lang='lat' dir='ltr'>Thetdeliberateemen·</span> <span class='ocrx_word' id='word_1_270' title='bbox 835 3670 925 3720; x_wconf 87' lang='lat' dir='ltr'>should</span> <span class='ocrx_word' id='word_1_271' title='bbox 935 3671 993 3721; x_wconf 83' lang='lat' dir='ltr'>read</span> <span class='ocrx_word' id='word_1_272' title='bbox 1006 3677 1037 3720; x_wconf 76' lang='lat' dir='ltr'>to.</span> <span class='ocrx_word' id='word_1_273' title='bbox 1070 3670 1132 3722; x_wconf 84' lang='lat' dir='ltr'>Two</span> <span class='ocrx_word' id='word_1_274' title='bbox 1142 3671 1206 3720; x_wconf 91' lang='lat' dir='ltr'>lines</span> <span class='ocrx_word' id='word_1_275' title='bbox 1221 3671 1300 3722; x_wconf 85' lang='lat' dir='ltr'>below</span> <span class='ocrx_word' id='word_1_276' title='bbox 1311 3671 1355 3723; x_wconf 89' lang='lat' dir='ltr'>the</span> <span class='ocrx_word' id='word_1_277' title='bbox 1366 3687 1413 3722; x_wconf 82' lang='lat' dir='ltr'>rrss</span> 
     </span>
     <span class='ocr_line' id='line_1_33' title="bbox 207 3734 1059 3799; baseline -0.006 -9"><span class='ocrx_word' id='word_1_278' title='bbox 207 3741 293 3790; x_wconf 88' lang='lat' dir='ltr'>dation</span> <span class='ocrx_word' id='word_1_279' title='bbox 303 3737 349 3787; x_wconf 88' lang='lat' dir='ltr'>has</span> <span class='ocrx_word' id='word_1_280' title='bbox 362 3737 425 3786; x_wconf 88' lang='lat' dir='ltr'>besu</span> <span class='ocrx_word' id='word_1_281' title='bbox 435 3741 462 3784; x_wconf 88' lang='lat' dir='ltr'>at</span> <span class='ocrx_word' id='word_1_282' title='bbox 472 3735 541 3785; x_wconf 81' lang='lat' dir='ltr'>work</span> <span class='ocrx_word' id='word_1_283' title='bbox 554 3734 576 3784; x_wconf 92' lang='lat' dir='ltr'>is</span> <span class='ocrx_word' id='word_1_284' title='bbox 590 3735 707 3798; x_wconf 90' lang='lat' dir='ltr'>probable</span> <span class='ocrx_word' id='word_1_285' title='bbox 717 3735 783 3786; x_wconf 74' lang='lat' dir='ltr'>from</span> <span class='ocrx_word' id='word_1_286' title='bbox 835 3736 893 3799; x_wconf 74' lang='lat' dir='ltr'>gire</span> <span class='ocrx_word' id='word_1_287' title='bbox 904 3751 948 3784; x_wconf 79' lang='lat' dir='ltr'>aaa</span> <span class='ocrx_word' id='word_1_288' title='bbox 958 3734 998 3785; x_wconf 79' lang='lat' dir='ltr'>lor</span> <span class='ocrx_word' id='word_1_289' title='bbox 1009 3741 1059 3785; x_wconf 81' lang='lat' dir='ltr'>tua.</span> 
     </span>
     <span class='ocr_line' id='line_1_34' title="bbox 204 3798 1413 3914; baseline -0.001 -61"><span class='ocrx_word' id='word_1_290' title='bbox 204 3808 297 3867; x_wconf 68' lang='lat' dir='ltr'>prosim</span> <span class='ocrx_word' id='word_1_291' title='bbox 315 3802 338 3866; x_wconf 80' lang='lat'>(§</span> <span class='ocrx_word' id='word_1_292' title='bbox 352 3802 378 3865; x_wconf 81' lang='lat'>2)</span> <span class='ocrx_word' id='word_1_293' title='bbox 394 3799 422 3849; x_wconf 89' lang='lat' dir='ltr'>in</span> <span class='ocrx_word' id='word_1_294' title='bbox 438 3798 475 3861; x_wconf 79' lang='lat' dir='ltr'>M,</span> <span class='ocrx_word' id='word_1_295' title='bbox 488 3801 537 3849; x_wconf 90' lang='lat' dir='ltr'>and</span> <span class='ocrx_word' id='word_1_296' title='bbox 553 3798 617 3849; x_wconf 76' lang='lat' dir='ltr'>from</span> <span class='ocrx_word' id='word_1_297' title='bbox 630 3798 674 3850; x_wconf 89' lang='lat' dir='ltr'>the</span> <span class='ocrx_word' id='word_1_298' title='bbox 684 3800 784 3852; x_wconf 82' lang='lat' dir='ltr'>variant</span> <span class='ocrx_word' id='word_1_299' title='bbox 868 3805 910 3848; x_wconf 75' lang='lat' dir='ltr'>tua</span> <span class='ocrx_word' id='word_1_300' title='bbox 927 3803 993 3849; x_wconf 73' lang='lat' dir='ltr'>raeda</span> <span class='ocrx_word' id='word_1_301' title='bbox 1010 3799 1108 3914; x_wconf 38' lang='lat' dir='ltr'>eman}</span> <span class='ocrx_word' id='word_1_302' title='bbox 1136 3799 1169 3850; x_wconf 85' lang='lat' dir='ltr'>So</span> <span class='ocrx_word' id='word_1_303' title='bbox 1187 3799 1224 3849; x_wconf 89' lang='lat' dir='ltr'>RI</span> <span class='ocrx_word' id='word_1_304' title='bbox 1242 3801 1340 3864; x_wconf 82' lang='lat' dir='ltr'>(ereept</span> <span class='ocrx_word' id='word_1_305' title='bbox 1356 3800 1413 3852; x_wconf 81' lang='lat' dir='ltr'>that</span> 
     </span>
     <span class='ocr_line' id='line_1_35' title="bbox 206 3862 1413 3930; baseline -0.002 -11"><span class='ocrx_word' id='word_1_306' title='bbox 206 3870 331 3919; x_wconf 73' lang='lat' dir='ltr'>motitur</span> <span class='ocrx_word' id='word_1_307' title='bbox 343 3865 379 3923; x_wconf 87' lang='grc' dir='ltr'>Μ,</span> <span class='ocrx_word' id='word_1_308' title='bbox 391 3867 482 3926; x_wconf 80' lang='lat' dir='ltr'>poterit</span> <span class='ocrx_word' id='word_1_309' title='bbox 494 3863 588 3913; x_wconf 73' lang='lat' dir='ltr'>Hsrr.</span> <span class='ocrx_word' id='word_1_310' title='bbox 606 3864 674 3914; x_wconf 83' lang='lat' dir='ltr'>Crat.</span> <span class='ocrx_word' id='word_1_311' title='bbox 690 3862 740 3926; x_wconf 69' lang='lat' dir='ltr'>ind</span> <span class='ocrx_word' id='word_1_312' title='bbox 758 3867 781 3918; x_wconf 88' lang='grc'>7.</span> <span class='ocrx_word' id='word_1_313' title='bbox 832 3863 895 3929; x_wconf 83' lang='lat' dir='ltr'>they</span> <span class='ocrx_word' id='word_1_314' title='bbox 910 3864 975 3916; x_wconf 85' lang='lat' dir='ltr'>have</span> <span class='ocrx_word' id='word_1_315' title='bbox 990 3864 1053 3929; x_wconf 77' lang='lat' dir='ltr'>rua),</span> <span class='ocrx_word' id='word_1_316' title='bbox 1076 3868 1082 3892; x_wconf 91' lang='lat'>‘</span> <span class='ocrx_word' id='word_1_317' title='bbox 1108 3865 1204 3915; x_wconf 78' lang='lat' dir='ltr'>eleated</span> <span class='ocrx_word' id='word_1_318' title='bbox 1220 3865 1254 3930; x_wconf 88' lang='lat' dir='ltr'>by</span> <span class='ocrx_word' id='word_1_319' title='bbox 1270 3865 1313 3915; x_wconf 91' lang='lat' dir='ltr'>the</span> <span class='ocrx_word' id='word_1_320' title='bbox 1330 3866 1413 3917; x_wconf 85' lang='lat' dir='ltr'>defeat</span> 
     </span>
     <span class='ocr_line' id='line_1_36' title="bbox 206 3928 1409 3994; baseline -0.003 -10"><span class='ocrx_word' id='word_1_321' title='bbox 206 3928 595 3983; x_wconf 85' lang='lat' dir='ltr'>Wundermakastheintsrestin</span> <span class='ocrx_word' id='word_1_322' title='bbox 619 3929 783 3981; x_wconf 84' lang='lat' dir='ltr'>remarkthat</span> <span class='ocrx_word' id='word_1_323' title='bbox 833 3944 885 3994; x_wconf 84' lang='lat' dir='ltr'>you</span> <span class='ocrx_word' id='word_1_324' title='bbox 906 3929 1014 3980; x_wconf 62' lang='lat' dir='ltr'>oaussdl</span> <span class='ocrx_word' id='word_1_325' title='bbox 1061 3930 1088 3979; x_wconf 84' lang='grc' dir='ltr'>Μ</span> <span class='ocrx_word' id='word_1_326' title='bbox 1110 3929 1156 3979; x_wconf 88' lang='lat' dir='ltr'>hes</span> <span class='ocrx_word' id='word_1_327' title='bbox 1178 3945 1222 3979; x_wconf 82' lang='lat' dir='ltr'>sua</span> <span class='ocrx_word' id='word_1_328' title='bbox 1243 3933 1312 3979; x_wconf 73' lang='lat' dir='ltr'>caede</span> <span class='ocrx_word' id='word_1_329' title='bbox 1328 3946 1409 3991; x_wconf 77' lang='lat' dir='ltr'>amur,</span> 
     </span>
     <span class='ocr_line' id='line_1_37' title="bbox 205 3992 1409 4060; baseline -0.005 -10"><span class='ocrx_word' id='word_1_330' title='bbox 205 3998 250 4049; x_wconf 91' lang='lat' dir='ltr'>the</span> <span class='ocrx_word' id='word_1_331' title='bbox 260 3992 511 4060; x_wconf 79' lang='lat' dir='ltr'>divergenoesofthe</span> <span class='ocrx_word' id='word_1_332' title='bbox 520 4009 567 4043; x_wconf 74' lang='lat' dir='ltr'>uss</span> <span class='ocrx_word' id='word_1_333' title='bbox 615 3993 658 4044; x_wconf 87' lang='lat' dir='ltr'>the</span> <span class='ocrx_word' id='word_1_334' title='bbox 668 3994 783 4058; x_wconf 86' lang='lat' dir='ltr'>spurious</span> <span class='ocrx_word' id='word_1_335' title='bbox 832 3993 916 4044; x_wconf 80' lang='lat' dir='ltr'>whioh</span> <span class='ocrx_word' id='word_1_336' title='bbox 927 3993 1012 4044; x_wconf 85' lang='lat' dir='ltr'>Baiter</span> <span class='ocrx_word' id='word_1_337' title='bbox 1022 3995 1116 4058; x_wconf 85' lang='lat' dir='ltr'>adopts.</span> <span class='ocrx_word' id='word_1_338' title='bbox 1152 3993 1327 4050; x_wconf 83' lang='lat' dir='ltr'>Isitirouieul¹</span> <span class='ocrx_word' id='word_1_339' title='bbox 1341 3999 1409 4046; x_wconf 91' lang='lat' dir='ltr'>‘em-</span> 
     </span>
     <span class='ocr_line' id='line_1_38' title="bbox 205 4057 1410 4124; baseline -0.001 -11"><span class='ocrx_word' id='word_1_340' title='bbox 205 4063 287 4113; x_wconf 77' lang='lat' dir='ltr'>worls</span> <span class='ocrx_word' id='word_1_341' title='bbox 313 4059 450 4111; x_wconf 79' lang='lat' dir='ltr'>attributed</span> <span class='ocrx_word' id='word_1_342' title='bbox 475 4065 502 4108; x_wconf 90' lang='lat' dir='ltr'>to</span> <span class='ocrx_word' id='word_1_343' title='bbox 529 4057 615 4108; x_wconf 80' lang='lat' dir='ltr'>Oieero</span> <span class='ocrx_word' id='word_1_344' title='bbox 638 4074 680 4110; x_wconf 83' lang='lat' dir='ltr'>ere</span> <span class='ocrx_word' id='word_1_345' title='bbox 707 4059 783 4109; x_wconf 90' lang='lat' dir='ltr'>mnoh</span> <span class='ocrx_word' id='word_1_346' title='bbox 831 4057 1240 4124; x_wconf 82' lang='lat' dir='ltr'>boldenedbyitsowudefeat&#39;?</span> <span class='ocrx_word' id='word_1_347' title='bbox 1261 4059 1410 4112; x_wconf 57' lang='lat' dir='ltr'>Hsrfare</span> 
     </span>
     <span class='ocr_line' id='line_1_39' title="bbox 205 4121 1179 4193; baseline -0.006 -14"><span class='ocrx_word' id='word_1_348' title='bbox 205 4126 372 4193; x_wconf 73' lang='lat' dir='ltr'>greaterthan</span> <span class='ocrx_word' id='word_1_349' title='bbox 380 4121 531 4174; x_wconf 83' lang='lat' dir='ltr'>thoseolhis</span> <span class='ocrx_word' id='word_1_350' title='bbox 542 4123 649 4187; x_wconf 78' lang='lat' dir='ltr'>genuine</span> <span class='ocrx_word' id='word_1_351' title='bbox 657 4122 780 4189; x_wconf 77' lang='lat' dir='ltr'>writings.</span> <span class='ocrx_word' id='word_1_352' title='bbox 832 4131 942 4187; x_wconf 79' lang='lat' dir='ltr'>corrupt,</span> <span class='ocrx_word' id='word_1_353' title='bbox 954 4139 999 4173; x_wconf 72' lang='lat' dir='ltr'>aaa</span> <span class='ocrx_word' id='word_1_354' title='bbox 1009 4126 1076 4173; x_wconf 73' lang='lat' dir='ltr'>ouda</span> <span class='ocrx_word' id='word_1_355' title='bbox 1085 4141 1179 4173; x_wconf 77' lang='lat' dir='ltr'>rursus.</span> 
     </span>
    </p>

    <p class='ocr_par' dir='ltr' id='par_1_4' title="bbox 200 4187 1408 4450">
     <span class='ocr_line' id='line_1_40' title="bbox 238 4187 1220 4255; baseline -0.002 -15"><span class='ocrx_word' id='word_1_356' title='bbox 238 4199 262 4242; x_wconf 81' lang='lat'>4.</span> <span class='ocrx_word' id='word_1_357' title='bbox 280 4193 450 4253; x_wconf 69' lang='lat' dir='ltr'>desperatm.</span> <span class='ocrx_word' id='word_1_358' title='bbox 471 4223 478 4236; x_wconf 89' lang='lat'><strong>.</strong></span> <span class='ocrx_word' id='word_1_359' title='bbox 499 4224 506 4237; x_wconf 88' lang='lat'><strong>.</strong></span> <span class='ocrx_word' id='word_1_360' title='bbox 525 4187 708 4255; x_wconf 79' lang='lat' dir='ltr'>.proatretsm]</span> <span class='ocrx_word' id='word_1_361' title='bbox 749 4189 783 4240; x_wconf 79' lang='lat' dir='ltr'>do</span> <span class='ocrx_word' id='word_1_362' title='bbox 863 4187 977 4255; x_wconf 62' lang='lat' dir='ltr'>donem]</span> <span class='ocrx_word' id='word_1_363' title='bbox 1010 4205 1050 4252; x_wconf 91' lang='lat' dir='ltr'>op.</span> <span class='ocrx_word' id='word_1_364' title='bbox 1062 4187 1129 4239; x_wconf 87' lang='lat' dir='ltr'>Phil.</span> <span class='ocrx_word' id='word_1_365' title='bbox 1141 4205 1166 4238; x_wconf 80' lang='lat' dir='ltr'>r.</span> <span class='ocrx_word' id='word_1_366' title='bbox 1178 4192 1220 4238; x_wconf 79' lang='lat'>46.</span> 
     </span>
     <span class='ocr_line' id='line_1_41' title="bbox 206 4251 1407 4321; baseline -0.002 -15"><span class='ocrx_word' id='word_1_367' title='bbox 206 4256 297 4307; x_wconf 80' lang='lat' dir='ltr'>Baiter.</span> <span class='ocrx_word' id='word_1_368' title='bbox 332 4255 353 4305; x_wconf 86' lang='grc' dir='ltr'><strong>Τ</strong></span> <span class='ocrx_word' id='word_1_369' title='bbox 365 4252 388 4302; x_wconf 93' lang='lat' dir='ltr'>D</span> <span class='ocrx_word' id='word_1_370' title='bbox 400 4252 428 4302; x_wconf 91' lang='grc' dir='ltr'>Η</span> <span class='ocrx_word' id='word_1_371' title='bbox 437 4251 492 4301; x_wconf 80' lang='lat' dir='ltr'>Eri.</span> <span class='ocrx_word' id='word_1_372' title='bbox 506 4251 575 4303; x_wconf 79' lang='lat' dir='ltr'>Orat.</span> <span class='ocrx_word' id='word_1_373' title='bbox 592 4252 656 4304; x_wconf 87' lang='lat' dir='ltr'>have</span> <span class='ocrx_word' id='word_1_374' title='bbox 671 4255 780 4315; x_wconf 58' lang='lat' dir='ltr'>despero</span> <span class='ocrx_word' id='word_1_375' title='bbox 865 4254 889 4302; x_wconf 79' lang='lat' dir='ltr'>d.</span> <span class='ocrx_word' id='word_1_376' title='bbox 909 4254 976 4317; x_wconf 62' lang='lat' dir='ltr'>defit</span> <span class='ocrx_word' id='word_1_377' title='bbox 993 4291 1000 4303; x_wconf 90' lang='lat'><strong>.</strong></span> <span class='ocrx_word' id='word_1_378' title='bbox 1020 4288 1027 4302; x_wconf 91' lang='lat'><strong>.</strong></span> <span class='ocrx_word' id='word_1_379' title='bbox 1045 4290 1053 4304; x_wconf 88' lang='lat'><strong><em>.</em></strong></span> <span class='ocrx_word' id='word_1_380' title='bbox 1071 4253 1167 4321; x_wconf 64' lang='lat' dir='ltr'>tanne]</span> <span class='ocrx_word' id='word_1_381' title='bbox 1191 4254 1225 4304; x_wconf 80' lang='lat' dir='ltr'>So</span> <span class='ocrx_word' id='word_1_382' title='bbox 1233 4253 1259 4303; x_wconf 91' lang='grc' dir='ltr'><strong>Η</strong></span> <span class='ocrx_word' id='word_1_383' title='bbox 1271 4253 1343 4315; x_wconf 77' lang='lat' dir='ltr'>Erf.;</span> <span class='ocrx_word' id='word_1_384' title='bbox 1357 4269 1407 4304; x_wconf 86' lang='lat' dir='ltr'>om.</span> 
     </span>
     <span class='ocr_line' id='line_1_42' title="bbox 206 4315 870 4384; baseline -0.008 -13"><span class='ocrx_word' id='word_1_385' title='bbox 206 4329 255 4371; x_wconf 78' lang='lat' dir='ltr'>tem</span> <span class='ocrx_word' id='word_1_386' title='bbox 272 4328 295 4369; x_wconf 80' lang='lat' dir='ltr'>et</span> <span class='ocrx_word' id='word_1_387' title='bbox 313 4320 440 4384; x_wconf 75' lang='lat' dir='ltr'>afflictam,</span> <span class='ocrx_word' id='word_1_388' title='bbox 460 4316 488 4366; x_wconf 80' lang='lat' dir='ltr'>M</span> <span class='ocrx_word' id='word_1_389' title='bbox 504 4316 550 4368; x_wconf 85' lang='lat' dir='ltr'>has</span> <span class='ocrx_word' id='word_1_390' title='bbox 568 4319 617 4366; x_wconf 74' lang='lat' dir='ltr'>tam</span> <span class='ocrx_word' id='word_1_391' title='bbox 631 4320 739 4383; x_wconf 76' lang='lat' dir='ltr'>affectam</span> <span class='ocrx_word' id='word_1_392' title='bbox 754 4334 783 4368; x_wconf 84' lang='lat' dir='ltr'>ao</span> <span class='ocrx_word' id='word_1_393' title='bbox 832 4315 870 4367; x_wconf 76' lang='lat' dir='ltr'>M.</span> 
     </span>
     <span class='ocr_line' id='line_1_43' title="bbox 200 4380 1408 4450; baseline -0.001 -16"><span class='ocrx_word' id='word_1_394' title='bbox 200 4391 357 4450; x_wconf 77' lang='lat' dir='ltr'>prostratam.</span> <span class='ocrx_word' id='word_1_395' title='bbox 836 4384 890 4432; x_wconf 60' lang='lat'>⁸6.</span> <span class='ocrx_word' id='word_1_396' title='bbox 909 4399 923 4432; x_wconf 92' lang='lat' dir='ltr'>e</span> <span class='ocrx_word' id='word_1_397' title='bbox 945 4388 1039 4446; x_wconf 77' lang='lat' dir='ltr'>turpem</span> <span class='ocrx_word' id='word_1_398' title='bbox 1058 4421 1064 4433; x_wconf 91' lang='lat'><em>.</em></span> <span class='ocrx_word' id='word_1_399' title='bbox 1085 4420 1092 4433; x_wconf 95' lang='lat'><strong>.</strong></span> <span class='ocrx_word' id='word_1_400' title='bbox 1112 4381 1260 4449; x_wconf 79' lang='lat' dir='ltr'>.raaitr&#39;em]</span> <span class='ocrx_word' id='word_1_401' title='bbox 1303 4381 1344 4432; x_wconf 91' lang='lat' dir='ltr'>‘O</span> <span class='ocrx_word' id='word_1_402' title='bbox 1364 4380 1408 4433; x_wconf 88' lang='lat' dir='ltr'>the</span> 
     </span>
    </p>
   </div>
   <div class='ocr_carea' id='block_1_4' title="bbox 235 4445 1408 4515">
    <p class='ocr_par' dir='ltr' id='par_1_5' title="bbox 235 4445 1408 4515">
     <span class='ocr_line' id='line_1_44' title="bbox 235 4445 1408 4515; baseline -0.004 -13"><span class='ocrx_word' id='word_1_403' title='bbox 235 4467 283 4502; x_wconf 78' lang='lat' dir='ltr'>aen</span> <span class='ocrx_word' id='word_1_404' title='bbox 305 4455 332 4499; x_wconf 80' lang='lat' dir='ltr'>ut</span> <span class='ocrx_word' id='word_1_405' title='bbox 353 4449 452 4510; x_wconf 71' lang='lat' dir='ltr'>imperio</span> <span class='ocrx_word' id='word_1_406' title='bbox 473 4461 498 4497; x_wconf 80' lang='lat' dir='ltr'>u</span> <span class='ocrx_word' id='word_1_407' title='bbox 518 4447 642 4497; x_wconf 76' lang='lat' dir='ltr'>adeersum</span> <span class='ocrx_word' id='word_1_408' title='bbox 662 4445 782 4515; x_wconf 73' lang='lat' dir='ltr'>omres]</span> <span class='ocrx_word' id='word_1_409' title='bbox 831 4447 942 4513; x_wconf 75' lang='lat' dir='ltr'>disgraee</span> <span class='ocrx_word' id='word_1_410' title='bbox 958 4455 985 4498; x_wconf 89' lang='lat' dir='ltr'>to</span> <span class='ocrx_word' id='word_1_411' title='bbox 1001 4463 1116 4514; x_wconf 76' lang='lat' dir='ltr'>mygrey</span> <span class='ocrx_word' id='word_1_412' title='bbox 1131 4447 1207 4511; x_wconf 72' lang='lat' dir='ltr'>hairs,</span> <span class='ocrx_word' id='word_1_413' title='bbox 1224 4463 1283 4499; x_wconf 76' lang='lat' dir='ltr'>nov</span> <span class='ocrx_word' id='word_1_414' title='bbox 1293 4448 1349 4499; x_wconf 83' lang='lat' dir='ltr'>that</span> <span class='ocrx_word' id='word_1_415' title='bbox 1363 4462 1408 4512; x_wconf 83' lang='lat' dir='ltr'>my</span> 
     </span>
    </p>
   </div>
   <div class='ocr_carea' id='block_1_5' title="bbox 0 0 1526 5002">
    <p class='ocr_par' dir='ltr' id='par_1_6' title="bbox 0 0 1526 5002">
     <span class='ocr_line' id='line_1_45' title="bbox 0 0 1526 5002; baseline 0 6"><span class='ocrx_word' id='word_1_416' title='bbox 0 0 1526 5002; x_wconf 95' lang='lat' dir='ltr'> </span> 
     </span>
    </p>
   </div>
  </div>
 </body>
</html>
