3044 5002
159 329 226 396 304
422 330 721 398 FRAGMENTA
745 329 1101 400 EPISTOLABUM.

157 514 243 570 subire
260 516 339 582 possit
354 516 495 582 legentem:
514 516 562 566 hoc
579 531 638 581 ergo
659 513 800 580 praecipis?
817 521 843 567 et
862 516 909 567 boc
929 518 967 569 fas
984 518 1078 582 putas?
1093 523 1190 582 poterat
1204 534 1247 569 me
1263 516 1382 568 liberare

159 599 254 662 Cicero,
267 599 311 664 qui
325 599 362 649 ita
375 598 462 650 scribit
477 599 510 649 ad
525 597 641 661 Brutum,
654 597 801 663 praepositis
817 599 940 663 plurimis,
956 616 1021 665 quae
1034 601 1138 652 honeste
1151 600 1253 653 suaderi
1271 596 1383 651 caesari

157 681 269 747 possint:

224 780 337 848 Simne
362 779 467 846 bonus
489 779 551 858 vir,
578 779 606 844 si
631 777 711 845 haee
736 779 916 845 suadeam?
937 779 1093 860 minime;
1117 781 1258 847 suasoris
1281 778 1381 846 enim

158 884 233 950 fluis
258 888 306 950 est
332 883 459 951 utilitas
478 883 556 963 eius,
578 882 631 948 cui
654 883 791 969 quisque
811 883 937 949 suadet.
982 883 1032 949 At
1055 889 1144 950 recta
1169 889 1268 950 sunt:
1297 882 1381 970 quis

158 990 286 1074 negat?
317 989 374 1054 sed
387 1010 454 1054 non
474 991 524 1053 est
537 1008 664 1072 semper
683 986 779 1052 rectis
800 986 836 1052 in
856 988 1022 1054 suadendo
1043 988 1142 1055 loeus.
1190 987 1378 1075 (Quintili-

157 1115 240 1159 anus
253 1092 301 1158 iii.
319 1093 349 1171 8,
366 1090 434 1176 42.)

205 1223 231 1272 3.
248 1220 431 1285 Argumentum
446 1218 519 1282 plura
535 1217 669 1282 significat.
702 1218 768 1269 Nam
784 1224 810 1270 et
820 1218 922 1271 fabulae
936 1222 968 1272 ad
979 1227 1062 1273 actum
1073 1238 1203 1273 scenarum
1213 1221 1378 1287 compositae

155 1308 303 1369 argumenta
313 1301 431 1352 dicuntm
441 1307 467 1352 et
477 1300 617 1352 orationum
629 1300 755 1352 Ciceronis
765 1301 836 1353 velut
847 1302 930 1353 thema
942 1319 1068 1368 exponens
1079 1304 1203 1356 Pedianus
1215 1309 1222 1335 ‘
1232 1319 1378 1370 argumen-

154 1387 223 1435 tum'
235 1382 320 1450 inquit
338 1382 403 1433 ‘tale
413 1387 450 1432 est
460 1380 476 1438 ’ς
496 1386 522 1432 et
531 1381 585 1446 ipse
596 1380 683 1432 Cicero
693 1382 725 1433 ad
733 1380 838 1433 Brutum
849 1383 886 1434 ita
896 1384 998 1435 scribit:

77 1530 81 1542 ·
220 1482 354 1552 Veritus
368 1482 504 1549 fortasse
525 1504 567 1547 ne
589 1504 649 1547 nos
670 1483 706 1547 in
733 1481 924 1550 Catonem
950 1489 1098 1552 nostrum
1114 1487 1377 1553 transferremus

154 1588 239 1655 illim
253 1587 333 1652 mali
348 1587 437 1675 quid,
454 1585 514 1652 etsi
536 1588 769 1671 argumentum
783 1585 889 1652 simile
904 1609 970 1653 non
993 1594 1072 1655 erat.
1121 1587 1375 1676 (Quintilianus

154 1714 185 1759 v.
203 1692 255 1772 10,
274 1689 319 1776 9.)

203 1853 229 1901 4.
247 1848 326 1900 Recte
336 1846 422 1898 Cicero
432 1844 472 1896 his
483 1844 544 1910 ipsis
554 1845 587 1896 ad
597 1844 704 1897 Brutum
714 1845 800 1897 verbis
811 1847 918 1913 quadam
928 1847 956 1898 in
967 1848 1074 1913 epistola
1084 1849 1187 1902 scribit:

217 1951 308 2018 Nam
336 1949 564 2034 eloquentiam,
594 1970 677 2033 quae
712 1948 960 2015 admirationem
996 1972 1063 2017 non
1093 1949 1203 2032 habet,
1232 1951 1370 2018 nullam

152 2055 270 2122 iudico.
319 2053 427 2136 (Idem
442 2052 510 2117 viii.
528 2052 559 2128 3,
577 2052 621 2136 6.)

203 2193 226 2243 t.
243 2189 279 2241 Bt
289 2205 352 2255 quae
362 2192 447 2239 vetera
457 2203 524 2238 nunc
535 2192 602 2250 sunt,
615 2186 720 2238 luerunt
732 2186 792 2238 olim
805 2202 880 2250 nora,
893 2193 920 2239 et
933 2190 1055 2254 quaedam
1069 2190 1167 2242 suntin
1177 2207 1227 2242 usu
1237 2207 1367 2258 perquam

151 2272 270 2326 recentia.
313 2268 465 2321 ‘Favorem’
484 2274 510 2319 st
534 2268 689 2322 ‘urbanum'
713 2267 800 2320 Cicero
818 2285 885 2321 nova
904 2271 992 2322 eredit.
1029 2271 1095 2323 Nam
1114 2279 1140 2323 et
1157 2274 1186 2323 in
1204 2273 1315 2339 epistola
1333 2275 1368 2326 ad

152 2356 261 2407 Brutum

217 2457 306 2523 Eum
327 2454 457 2541 (inquit)
478 2474 621 2520 amorem
639 2457 672 2520 et
692 2474 777 2533 eum,
797 2458 836 2521 ut
852 2453 913 2520 hoo
930 2453 1029 2522 ‘verbo
1049 2459 1133 2538 uter,
1155 2457 1303 2525 favorem
1326 2459 1365 2525 in

151 2561 322 2629 eonsilium
337 2556 508 2624 advocabo.
557 2556 664 2643 (Idem
679 2557 747 2624 viii.
765 2558 796 2638 3,
813 2558 881 2642 34.)

169 2742 173 2753 ,
200 2691 226 2739 6.
244 2686 355 2738 Maxime
370 2685 397 2735 in
413 2686 505 2736 orando
523 2684 618 2735 valebit
634 2700 795 2736 numerorum
812 2685 857 2736 illa
872 2684 991 2747 hbertas;
1010 2702 1070 2738 nam
1086 2692 1112 2738 et
1127 2687 1216 2739 Livius
1229 2705 1306 2754 saepe
1323 2690 1362 2742 sic

150 2770 213 2822 dicit
230 2769 373 2820 ‘Romanus
388 2766 483 2831 proelio
497 2766 596 2831 rictor‚’
609 2781 667 2816 cum
683 2765 809 2818 maana
824 2766 913 2818 vicisse
929 2766 1063 2832 significat,
1076 2774 1103 2819 et
1118 2775 1205 2821 conta
1220 2771 1310 2823 Cicero
1328 2773 1363 2824 ad

151 2853 259 2903 Brutum

216 2959 341 3044 Populo
362 2955 494 3042 (inquit)
520 2954 732 3041 imposuimus
754 2959 787 3022 et
809 2961 950 3023 oratores
967 2957 1029 3023 visi
1048 2980 1170 3038 sumus,

199 3094 258 3130 cum
268 3078 299 3128 de
310 3092 336 3127 se
346 3080 446 3126 tantum
455 3074 608 3140 loqueretur.
644 3073 725 3139 (Idem
736 3074 790 3126 viii.
804 3078 829 3139 6,
843 3079 874 3125 20
885 3090 892 3125 ε
910 3076 945 3126 ci.
960 3076 971 3141 l
985 3075 1036 3140 tt.)

182 3244 207 3292 2.
225 3240 436 3289 siboccmadcom
477 3236 728 3302 1n709(4e)cieer0
812 3241 835 3289 ὅ.
847 3238 971 3305 favores]
1005 3255 1044 3303 cp.
1059 3239 1362 3306 Best.115,quincmore

149 3312 227 3358 wrote
238 3321 253 3354 a
263 3304 338 3354 letter
348 3319 381 3352 on
391 3302 443 3366 pub
454 3303 476 3351 ‘c
489 3301 610 3376 affairsuto
626 3302 725 3364 Caesar,
776 3310 800 3353 ct
816 3311 844 3352 ut
863 3305 913 3366 ipsi
931 3306 1062 3366 loquuntur
1072 3305 1160 3367 socors
1179 3308 1358 3374 (‘applause')

149 3372 177 3423 oi
188 3368 272 3421 which
283 3367 423 3418 mentionis
434 3368 505 3416 made
516 3366 544 3416 in
554 3366 594 3416 hrs
605 3367 689 3416 letters
700 3374 727 3418 to
772 3370 860 3430 populi
873 3375 973 3417 teretur.
1003 3368 1076 3419 With
1087 3372 1174 3435 regard
1184 3377 1211 3421 to
1222 3372 1273 3423 this
1284 3375 1358 3424 criti·

149 3436 257 3494 Atticus,
266 3449 313 3497 eg.
324 3432 379 3481 xiii.
394 3435 433 3490 31,
447 3435 461 3480 3
474 3431 552 3497 (607).
586 3431 679 3493 Cicero,
698 3432 726 3482 in
775 3436 838 3484 ciam
857 3433 884 3483 ei
903 3432 1075 3497 Quintiliau’s‚
1097 3436 1143 3485 Dr.
1165 3435 1229 3486 Reid
1248 3438 1284 3500 (in
1305 3438 1355 3489 Dr.

148 3501 201 3553 this
218 3499 352 3562 fragment,
368 3496 467 3560 implies
482 3496 538 3546 that
557 3495 585 3545 in
606 3497 725 3560 practical
775 3497 898 3548 Holden's
908 3498 1012 3558 Sestius,
1026 3499 1044 3548 l.
1058 3501 1091 3564 e.)
1104 3517 1170 3576 says,
1185 3503 1235 3551 ‘As
1247 3504 1359 3554 urbanus

148 3570 250 3616 mttere
260 3579 307 3614 one
318 3568 385 3612 must
395 3561 465 3611 often
475 3561 576 3626 diverga
587 3559 652 3610 from
660 3560 725 3611 ideal
774 3562 851 3612 isold
862 3577 926 3613 aneu
944 3561 970 3622 h,
988 3564 1037 3613 and
1047 3565 1156 3627 saccrrs
1174 3567 1234 3616 used
1249 3567 1284 3632 by
1297 3567 1356 3619 Sal·

148 3628 274 3693 morality.
298 3627 379 3677 Harm
387 3625 507 3676 wouldbe
518 3626 581 3675 dona
589 3625 624 3689 by
633 3626 725 3701 urging
774 3626 834 3688 lust,
847 3626 902 3677 itis
914 3579 980 3678 cicer
988 3628 1043 3677 that
1056 3628 1142 3680 Cicero
1152 3646 1198 3680 can
1215 3631 1275 3697 only
1286 3631 1357 3685 have

149 3694 240 3746 Caesar
250 3700 277 3743 to
292 3694 369 3756 adopt
385 3706 400 3741 a
416 3690 567 3754 thoroughly
579 3688 724 3754 repubhcan
773 3693 882 3742 referred
891 3700 917 3741 to
928 3692 1022 3756 special
1029 3694 1159 3759 meanings
1170 3695 1198 3744 oi
1205 3695 1249 3746 the
1260 3698 1354 3748 words.

147 3759 271 3824 position:
292 3757 313 3806 it
330 3761 399 3806 must
416 3755 448 3805 be
466 3754 590 3805 sufficient
607 3755 629 3805 it
645 3754 677 3806 he
692 3755 725 3806 be
774 3754 861 3806 Inthe
878 3773 933 3808 case
948 3757 976 3808 oi
986 3758 1063 3818 secor
1078 3758 1129 3809 this
1145 3776 1248 3825 passage
1265 3763 1294 3810 oi
1308 3762 1355 3813 the

146 3825 226 3888 urged
240 3828 267 3872 to
283 3836 375 3886 pursue
391 3837 407 3870 a
423 3835 509 3870 course
526 3818 618 3881 which,
636 3819 664 3869 in
680 3819 723 3870 the
775 3820 871 3871 Sestim
881 3822 952 3886 gives
962 3821 1006 3872 tha
1017 3821 1081 3873 clue.
1112 3824 1166 3875 The
1174 3841 1229 3875 new
1241 3841 1314 3877 sense
1325 3827 1354 3878 ot

147 3904 206 3953 eyes
216 3887 244 3938 oi
254 3886 298 3937 the
309 3884 584 3944 constitutionalists,is
601 3885 644 3934 the
659 3885 723 3935 least
772 3886 878 3935 ortanus
900 3903 952 3936 was
971 3886 1092 3954 probably
1108 3890 1164 3940 that
1185 3890 1214 3940 oi
1239 3891 1352 3957 ‘witty,'

146 3953 256 4004 ot'evils.
290 3953 373 4000 Bonm
389 3953 428 3999 cir
442 3949 464 3999 is
480 3953 524 4000 the
538 3949 722 4015 ideallymoral
771 3951 891 4002 buculos!

146 4033 214 4069 man.
804 4016 967 4066 inconditum
978 4017 1104 4084 advocabo]
1125 4018 1352 4087 ‘calltomysup-

180 4087 204 4132 3.
224 4079 345 4145 octonem]
379 4077 483 4128 caol.
498 4079 534 4129 iv.
547 4094 573 4143 p.
588 4083 611 4128 1.
771 4080 846 4144 port!

179 4152 204 4198 4.
218 4095 412 4209 admirationem&
447 4143 575 4208 Aristotle,
591 4143 668 4194 Bhet.
680 4142 719 4193 iii.
797 4148 821 4194 6.
840 4145 941 4213 wando]
978 4147 1126 4199 ‘rhetorical
1137 4148 1223 4214 style!

147 4216 170 4273 2,
186 4217 209 4273 1,
219 4227 292 4276 urges
304 4226 319 4259 a
330 4209 423 4259 dictim
431 4207 488 4258 that
498 4208 519 4257 is
530 4209 670 4258 sometimes
677 4215 721 4258 out
804 4211 971 4278 imposuimus]
995 4213 1102 4264 Forthis
1113 4230 1193 4274 sense.
1204 4231 1244 4280 cp.
1257 4216 1289 4273 Q.
1303 4216 1349 4269 Fr.

146 4280 175 4328 oi
191 4277 235 4328 the
255 4290 376 4334 common,
399 4274 438 4323 ier
454 4289 512 4323 man
523 4288 565 4323 are
584 4274 720 4335 θαυμασταὶ
770 4272 798 4324 ii.
812 4278 837 4336 6,
851 4278 865 4325 b
884 4277 963 4341 (117),
981 4280 1019 4327 eut
1033 4285 1112 4328 mmm
1127 4282 1218 4344 syrcyic
1233 4284 1351 4345 imposuit

143 4347 194 4395 τᾶν
204 4342 323 4398 ἀπόντων,
333 4340 380 4400 ἡδὺ
390 4339 417 4390 bl
429 4340 458 4388 rh
478 4338 616 4400 θαυμαστόν
627 4342 704 4390 ἐστιν.
771 4340 835 4390 Milo
844 4348 932 4391 neam.
