3022 5444
421 402 655 473 ucccoxx.
681 403 804 489 (esu
828 402 938 469 ιιιιι.
961 404 1027 485 aa).
1262 397 1328 464 ars

208 823 457 894 DCCCCXIX.
502 821 673 890 CICERO
696 820 755 889 ΤΟ
778 820 878 888 ΤΗΕ
901 819 1030 888 SAME
1053 820 1241 890 GAILUS

590 925 693 1013 (Fau.
710 947 788 993 ιιιιι.
809 927 865 1011 ss).

246 1138 361 1195 uoun3
392 1137 425 1181 ι.
439 1136 473 1182 ιι.
487 1136 515 1180 c.
532 1136 579 1183 aec
593 1114 634 1202 (f)
647 1139 655 1195 3
688 1136 719 1180 a.
737 1136 764 1180 o.
782 1133 813 1182 ss
829 1113 894 1200 (f);
926 1134 1003 1180 sur.
1020 1135 1082 1180 oro.
1096 1135 1129 1184 ss
1141 1116 1187 1201 (f)

237 1302 275 1354 M.
289 1301 375 1354 Cicero
388 1300 461 1353 Gillo
473 1301 629 1353 commendat
640 1300 670 1351 L.
684 1299 794 1365 Oppium
804 1316 856 1351 uua
867 1316 924 1351 eum
935 1299 965 1351 L.
980 1299 1084 1366 Egnatii
1094 1302 1211 1368 negotiis.

567 1467 699 1522 CICERO
719 1466 840 1522 GALLO
863 1467 891 1523 S.

188 1617 264 1684 Etsi
278 1639 319 1683 ex
336 1617 401 1721 tuis
416 1622 449 1683 et
463 1639 504 1683 ex
518 1615 560 1682 L.
577 1615 687 1713 Oppii,
704 1616 949 1683 familiarissimi
970 1623 1039 1698 mei,
1054 1618 1174 1685 litteris
1191 1623 1328 1709 cognovi

123 1727 157 1790 te
176 1743 350 1789 memorem
371 1720 661 1787 commendationis
681 1742 772 1788 meae
794 1720 905 1801 fuisse,
925 1721 1024 1808 idque
1040 1744 1098 1809 pro
1119 1728 1178 1790 tua
1200 1747 1329 1792 summa

123 1848 203 1912 erga
226 1847 279 1891 me
304 1823 531 1891 benevolentia
556 1846 679 1910 proquo
702 1827 812 1890 nostra
836 1825 1073 1905 necessitudine
1098 1813 1234 1895 minime
1258 1851 1330 1896 sum

124 1930 313 2009 admiratus,
329 1933 439 1994 tamen
460 1929 560 1995 etiam
582 1933 679 2014 atque
701 1929 801 1994 etiam
823 1928 885 1995 tibi
904 1928 945 1995 L.
963 1929 1108 2018 Oppium
1128 1938 1331 2017 praesentem

124 2040 159 2102 et
183 2033 224 2100 L.
249 2033 398 2115 Egnatii,
424 2033 489 2098 mei
515 2032 770 2113 familiarissimi,
800 2031 943 2098 absentis
968 2035 1102 2120 negotia
1129 2039 1329 2105 commendo.

125 2137 234 2204 Tanta
248 2136 331 2203 mihi
346 2160 420 2202 oum
435 2158 473 2202 eo
494 2135 696 2202 necessitudo
720 2139 770 2201 est
789 2135 1072 2222 familiaritasque,
1088 2143 1135 2218 ut,
1152 2139 1180 2204 si
1194 2162 1267 2206 mea
1281 2163 1334 2207 res

126 2245 218 2321 esset,
234 2263 299 2306 non
315 2242 421 2328 magis
442 2240 631 2306 laborarem.
678 2237 886 2324 Quapropter
908 2240 1131 2325 gratissimum
1146 2242 1229 2309 mihi
1246 2245 1330 2311 fece·

125 2347 180 2423 ris,
197 2345 225 2410 si
240 2346 361 2411 curaris
374 2349 412 2410 ut
427 2344 455 2409 is
475 2342 648 2425 intellegat
662 2365 714 2408 me
729 2364 749 2406 a
763 2347 796 2407 te
811 2345 942 2408 tantum
957 2343 1070 2424 amam,
1086 2351 1247 2428 quantum
1261 2347 1331 2434 ipse

126 2448 287 2514 existimo.
335 2447 411 2515 Hoc
432 2446 515 2512 mihi
543 2445 670 2532 gratius
696 2445 802 2512 facere
828 2445 913 2511 nihil
933 2451 1025 2532 potes
1045 2448 1145 2534 idque
1166 2453 1204 2515 ut
1231 2450 1333 2519 facias

127 2552 335 2620 vehementer
349 2557 384 2619 te
397 2571 488 2637 rogo.

160 2991 388 3061 DCCCCXX.
434 2990 604 3058 CICERO
628 2990 688 3058 ΤΟ
710 2990 986 3058 APPULEIUS
1012 2991 1116 3077 (Fau.
1142 3014 1217 3060 ιιιιι.
1242 2997 1299 3079 ιι).

267 3202 361 3248 rous
374 3203 383 3261 3
411 3201 443 3246 Α.
456 3200 489 3245 ιι.
503 3200 530 3245 o.
548 3198 595 3247 eso
609 3179 653 3264 (f)
670 3201 678 3258 ;
704 3199 735 3245 u.
753 3200 781 3245 o.
798 3197 829 3248 oa
842 3179 882 3261 (t)
897 3201 905 3258 3
931 3200 1008 3245 sun.
1026 3201 1087 3247 c1o.
1100 3200 1132 3249 sc
1144 3182 1196 3267 (f).

182 3369 218 3420 hl.
231 3369 318 3421 Cicero
328 3366 452 3432 Appuleio
463 3373 603 3432 proquaest.
616 3367 691 3417 Asiae
703 3365 732 3417 L.
746 3365 850 3431 lignatii
860 3383 959 3418 serrum
971 3373 997 3418 et
1007 3369 1110 3433 negotia
1120 3369 1282 3420 commendat.

404 3522 536 3579 CICERO
555 3520 742 3577 APPULEIO
760 3520 1053 3580 PROQUAESTORI.

195 3675 236 3740 L.
253 3673 399 3760 Egnatio
414 3694 479 3737 uno
503 3672 611 3757 equite
624 3669 775 3735 Romano
789 3669 842 3735 vel
857 3669 1109 3735 familiarissime
1125 3675 1207 3736 utor.
1253 3670 1338 3739 Eius

134 3778 329 3846 Anchialum
345 3797 474 3842 servum
485 3774 690 3860 negotiaque,
703 3796 786 3858 quae
800 3772 899 3839 habet
914 3774 948 3837 in
964 3773 1056 3850 Asia,
1070 3772 1132 3839 tibi
1147 3777 1335 3843 commendo

163 3972 382 4039 commendationis]
416 3989 455 4036 cp.
468 3975 525 4022 918.
559 3971 621 4022 This
634 3972 708 4021 letter
758 3975 935 4034 pro-quaestor
963 3986 1002 4033 ep.
1027 3970 1201 4038 introductory
1224 3980 1284 4024 note
1310 3978 1339 4025 to

131 4059 183 4092 was
204 4040 305 4090 written
333 4045 360 4088 tc
383 4038 481 4089 Gallius
508 4037 575 4087 aiter
601 4037 633 4087 he
658 4036 709 4086 had
759 4038 816 4085 882.

131 4106 236 4158 reached
246 4105 286 4154 his
297 4105 424 4168 province.
792 4097 850 4164 unc]
897 4098 1008 4150 ‘Lucius
1030 4099 1153 4164 Egnatius
1181 4101 1268 4153 isthe
1290 4118 1338 4153 one

164 4175 295 4221 stratores
311 4168 382 4235 secet]
417 4185 456 4232 op.
470 4171 528 4230 818,
542 4171 566 4216 2.
600 4165 651 4216 For
666 4165 709 4216 the
759 4165 857 4215 Roman
867 4164 959 4227 knight
971 4165 1033 4214 with
1045 4166 1127 4215 whom
1143 4166 1156 4215 Ι
1173 4184 1213 4217 am
1224 4183 1256 4217 on
1285 4168 1337 4219 uite

131 4238 252 4299 ordercp.
266 4238 324 4284 828.
760 4230 803 4279 the
830 4234 894 4278 most
923 4229 1035 4296 friendly
1061 4231 1178 4282 relations
1208 4184 1337 4295 pessihle.’

759 4295 890 4345 Lehmann
901 4295 996 4360 rightly
1008 4296 1112 4345 defends
1123 4299 1166 4357 cel,
1178 4296 1262 4347 which
1274 4298 1336 4349 Cra-

164 4366 226 4416 This
238 4364 376 4429 Appuleius
389 4380 440 4413 wus
454 4367 627 4427 proquaastur
638 4360 665 4411 cf
676 4362 707 4418 Q.
759 4361 848 4410 tander
859 4359 908 4408 ond
920 4359 1073 4425 Wesenberg
1088 4361 1152 4411 wish
1169 4366 1196 4411 to
1211 4363 1285 4427 eject,
1302 4363 1337 4429 by

133 4431 243 4482 Marcius
255 4430 401 4494 Philippus:
416 4444 456 4493 ep.
469 4434 528 4478 note
538 4432 565 4478 8ο
576 4430 634 4476 818.
661 4428 711 4477 For
759 4423 876 4489 showing
887 4423 943 4476 that
953 4431 998 4476 not
1008 4425 1068 4492 only
1077 4425 1105 4477 iu
1115 4426 1251 4493 epistclsry
1261 4428 1337 4492 style,

1159 4503 1208 4555 Τ..
