<?xml version="1.0" encoding="UTF-8"?>
<!DOCTYPE html PUBLIC "-//W3C//DTD XHTML 1.0 Transitional//EN"
    "http://www.w3.org/TR/xhtml1/DTD/xhtml1-transitional.dtd">
<html xmlns="http://www.w3.org/1999/xhtml" xml:lang="en" lang="en">
 <head>
  <title>
</title>
<meta http-equiv="Content-Type" content="text/html;charset=utf-8" />
  <meta name='ocr-system' content='tesseract 3.04.00' />
  <meta name='ocr-capabilities' content='ocr_page ocr_carea ocr_par ocr_line ocrx_word'/>
</head>
<body>
  <div class='ocr_page' id='page_1' title='image "./correspondencem01cicegoog_0304.png"; bbox 0 0 3022 5444; ppageno 0'>
   <div class='ocr_carea' id='block_1_1' title="bbox 358 391 1351 495">
    <p class='ocr_par' dir='ltr' id='par_1_1' title="bbox 358 391 1351 495">
     <span class='ocr_line' id='line_1_1' title="bbox 358 391 1351 495; baseline -0.007 -21"><span class='ocrx_word' id='word_1_1' title='bbox 358 391 650 478; x_wconf 71' lang='lat' dir='ltr'><strong>aoooarrar.</strong></span> <span class='ocrx_word' id='word_1_2' title='bbox 677 408 801 495; x_wconf 70' lang='lat' dir='ltr'><strong>(rara</strong></span> <span class='ocrx_word' id='word_1_3' title='bbox 824 412 869 476; x_wconf 77' lang='lat' dir='ltr'><strong>r.</strong></span> <span class='ocrx_word' id='word_1_4' title='bbox 893 413 947 490; x_wconf 75' lang='lat' dir='ltr'><strong>aa,</strong></span> <span class='ocrx_word' id='word_1_5' title='bbox 970 408 1001 489; x_wconf 70' lang='lat' dir='ltr'><strong>§a</strong></span> <span class='ocrx_word' id='word_1_6' title='bbox 1024 411 1056 490; x_wconf 78' lang='lat' dir='ltr'><strong>a,</strong></span> <span class='ocrx_word' id='word_1_7' title='bbox 1078 406 1128 494; x_wconf 79' lang='lat' dir='ltr'><strong>a).</strong></span> <span class='ocrx_word' id='word_1_8' title='bbox 1287 402 1351 469; x_wconf 82' lang='lat' dir='ltr'><strong>ree</strong></span> 
     </span>
    </p>
   </div>
   <div class='ocr_carea' id='block_1_2' title="bbox 141 708 1350 796">
    <p class='ocr_par' dir='ltr' id='par_1_2' title="bbox 141 708 1350 796">
     <span class='ocr_line' id='line_1_2' title="bbox 141 708 1350 796; baseline -0.005 -18"><span class='ocrx_word' id='word_1_9' title='bbox 141 711 423 778; x_wconf 81' lang='lat' dir='ltr'><strong>DOOGLXXVI.</strong></span> <span class='ocrx_word' id='word_1_10' title='bbox 470 711 678 779; x_wconf 76' lang='lat' dir='ltr'>LEPIDUS</span> <span class='ocrx_word' id='word_1_11' title='bbox 702 711 760 779; x_wconf 78' lang='grc' dir='ltr'><strong>ΤΟ</strong></span> <span class='ocrx_word' id='word_1_12' title='bbox 784 710 954 778; x_wconf 82' lang='grc' dir='ltr'><strong>01οΕΒο</strong></span> <span class='ocrx_word' id='word_1_13' title='bbox 980 711 1082 796; x_wconf 74' lang='lat' dir='ltr'><strong>(Fau.</strong></span> <span class='ocrx_word' id='word_1_14' title='bbox 1106 732 1140 776; x_wconf 86' lang='lat' dir='ltr'><strong>x.</strong></span> <span class='ocrx_word' id='word_1_15' title='bbox 1157 712 1246 789; x_wconf 74' lang='lat' dir='ltr'><strong>ee,§§</strong></span> <span class='ocrx_word' id='word_1_16' title='bbox 1268 727 1294 788; x_wconf 85' lang='lat' dir='ltr'><strong>a,</strong></span> <span class='ocrx_word' id='word_1_17' title='bbox 1311 708 1350 793; x_wconf 76' lang='lat' dir='ltr'><strong>a).</strong></span> 
     </span>
    </p>
   </div>
   <div class='ocr_carea' id='block_1_3' title="bbox 185 891 1308 957">
    <p class='ocr_par' dir='ltr' id='par_1_3' title="bbox 185 891 1308 957">
     <span class='ocr_line' id='line_1_3' title="bbox 185 891 1308 957; baseline -0.005 -16"><span class='ocrx_word' id='word_1_18' title='bbox 185 897 269 941; x_wconf 69' lang='lat' dir='ltr'><strong>Pons</strong></span> <span class='ocrx_word' id='word_1_19' title='bbox 285 897 504 951; x_wconf 76' lang='lat' dir='ltr'>ARGENTEU83</span> <span class='ocrx_word' id='word_1_20' title='bbox 530 898 602 941; x_wconf 76' lang='lat' dir='ltr'><strong>MAY</strong></span> <span class='ocrx_word' id='word_1_21' title='bbox 618 896 670 957; x_wconf 81' lang='lat'><strong>223</strong></span> <span class='ocrx_word' id='word_1_22' title='bbox 687 898 719 942; x_wconf 79' lang='lat' dir='ltr'><strong>A.</strong></span> <span class='ocrx_word' id='word_1_23' title='bbox 737 897 770 940; x_wconf 79' lang='lat'><strong>11.</strong></span> <span class='ocrx_word' id='word_1_24' title='bbox 787 899 815 939; x_wconf 79' lang='lat' dir='ltr'><strong>a.</strong></span> <span class='ocrx_word' id='word_1_25' title='bbox 833 893 902 954; x_wconf 80' lang='lat'><strong>7113</strong></span> <span class='ocrx_word' id='word_1_26' title='bbox 927 897 958 940; x_wconf 88' lang='lat' dir='ltr'><strong>B.</strong></span> <span class='ocrx_word' id='word_1_27' title='bbox 975 897 1003 940; x_wconf 86' lang='lat'><strong>0.</strong></span> <span class='ocrx_word' id='word_1_28' title='bbox 1020 895 1072 955; x_wconf 75' lang='lat'><strong>483</strong></span> <span class='ocrx_word' id='word_1_29' title='bbox 1095 894 1170 938; x_wconf 73' lang='grc' dir='ltr'><strong>ΛΒΤ.</strong></span> <span class='ocrx_word' id='word_1_30' title='bbox 1187 893 1247 937; x_wconf 84' lang='grc'><strong>010.</strong></span> <span class='ocrx_word' id='word_1_31' title='bbox 1266 891 1308 940; x_wconf 80' lang='grc'><strong>63.</strong></span> 
     </span>
    </p>
   </div>
   <div class='ocr_carea' id='block_1_4' title="bbox 223 1033 1265 1105">
    <p class='ocr_par' dir='ltr' id='par_1_4' title="bbox 223 1033 1265 1105">
     <span class='ocr_line' id='line_1_4' title="bbox 223 1033 1265 1105; baseline -0.005 -19"><span class='ocrx_word' id='word_1_32' title='bbox 223 1037 322 1088; x_wconf 83' lang='lat' dir='ltr'><strong>Gratiae</strong></span> <span class='ocrx_word' id='word_1_33' title='bbox 333 1037 387 1102; x_wconf 79' lang='lat' dir='ltr'><strong>agit</strong></span> <span class='ocrx_word' id='word_1_34' title='bbox 397 1037 508 1101; x_wconf 82' lang='lat' dir='ltr'><strong>Lepidae</strong></span> <span class='ocrx_word' id='word_1_35' title='bbox 520 1038 634 1089; x_wconf 79' lang='lat' dir='ltr'><strong>Ciceroni</strong></span> <span class='ocrx_word' id='word_1_36' title='bbox 646 1039 713 1104; x_wconf 88' lang='lat' dir='ltr'><strong>quod</strong></span> <span class='ocrx_word' id='word_1_37' title='bbox 723 1037 819 1105; x_wconf 79' lang='lat' dir='ltr'><strong>iniquia</strong></span> <span class='ocrx_word' id='word_1_38' title='bbox 830 1040 861 1088; x_wconf 89' lang='lat' dir='ltr'><strong>de</strong></span> <span class='ocrx_word' id='word_1_39' title='bbox 872 1053 900 1088; x_wconf 85' lang='lat' dir='ltr'><strong>ee</strong></span> <span class='ocrx_word' id='word_1_40' title='bbox 911 1037 1052 1088; x_wconf 83' lang='lat' dir='ltr'><strong>rumoribue</strong></span> <span class='ocrx_word' id='word_1_41' title='bbox 1062 1051 1113 1086; x_wconf 91' lang='lat' dir='ltr'><strong>non</strong></span> <span class='ocrx_word' id='word_1_42' title='bbox 1124 1033 1265 1085; x_wconf 79' lang='lat' dir='ltr'><strong>crediderit.</strong></span> 
     </span>
    </p>
   </div>
   <div class='ocr_carea' id='block_1_5' title="bbox 177 1172 1314 1232">
    <p class='ocr_par' dir='ltr' id='par_1_5' title="bbox 177 1172 1314 1232">
     <span class='ocr_line' id='line_1_5' title="bbox 177 1172 1314 1232; baseline -0.001 -4"><span class='ocrx_word' id='word_1_43' title='bbox 177 1176 215 1230; x_wconf 83' lang='lat' dir='ltr'><strong>ll.</strong></span> <span class='ocrx_word' id='word_1_44' title='bbox 231 1175 389 1232; x_wconf 82' lang='lat' dir='ltr'>LEPIDUS</span> <span class='ocrx_word' id='word_1_45' title='bbox 401 1177 478 1231; x_wconf 87' lang='lat' dir='ltr'><strong>lllP.</strong></span> <span class='ocrx_word' id='word_1_46' title='bbox 495 1176 710 1232; x_wconf 69' lang='lat' dir='ltr'><strong>mauronti.</strong></span> <span class='ocrx_word' id='word_1_47' title='bbox 725 1177 818 1232; x_wconf 71' lang='lat' dir='ltr'><strong>ltux,</strong></span> <span class='ocrx_word' id='word_1_48' title='bbox 834 1177 861 1232; x_wconf 78' lang='lat' dir='ltr'><strong>S.</strong></span> <span class='ocrx_word' id='word_1_49' title='bbox 876 1176 910 1231; x_wconf 89' lang='lat' dir='ltr'><strong>D.</strong></span> <span class='ocrx_word' id='word_1_50' title='bbox 927 1178 964 1230; x_wconf 86' lang='lat' dir='ltr'><strong>M.</strong></span> <span class='ocrx_word' id='word_1_51' title='bbox 979 1175 1117 1232; x_wconf 80' lang='lat' dir='ltr'>TULLIO</span> <span class='ocrx_word' id='word_1_52' title='bbox 1130 1172 1314 1229; x_wconf 78' lang='lat' dir='ltr'>CICERONI.</span> 
     </span>
    </p>
   </div>
   <div class='ocr_carea' id='block_1_6' title="bbox 141 1318 1356 3056">
    <p class='ocr_par' dir='ltr' id='par_1_6' title="bbox 141 1318 1356 3056">
     <span class='ocr_line' id='line_1_6' title="bbox 208 1318 1354 1406; baseline -0.003 -21"><span class='ocrx_word' id='word_1_53' title='bbox 208 1324 238 1386; x_wconf 83' lang='lat'><strong>3.</strong></span> <span class='ocrx_word' id='word_1_54' title='bbox 262 1321 338 1386; x_wconf 86' lang='lat' dir='ltr'><strong>Etsi</strong></span> <span class='ocrx_word' id='word_1_55' title='bbox 363 1323 452 1386; x_wconf 89' lang='lat' dir='ltr'><strong>omni</strong></span> <span class='ocrx_word' id='word_1_56' title='bbox 479 1330 623 1406; x_wconf 91' lang='lat' dir='ltr'><strong>tempore</strong></span> <span class='ocrx_word' id='word_1_57' title='bbox 645 1345 774 1388; x_wconf 86' lang='lat' dir='ltr'><strong>eumma</strong></span> <span class='ocrx_word' id='word_1_58' title='bbox 801 1323 909 1388; x_wconf 84' lang='lat' dir='ltr'><strong>studia</strong></span> <span class='ocrx_word' id='word_1_59' title='bbox 931 1322 1027 1389; x_wconf 86' lang='lat' dir='ltr'><strong>officii</strong></span> <span class='ocrx_word' id='word_1_60' title='bbox 1049 1327 1164 1387; x_wconf 92' lang='lat' dir='ltr'><strong>mutuo</strong></span> <span class='ocrx_word' id='word_1_61' title='bbox 1186 1318 1272 1385; x_wconf 91' lang='lat' dir='ltr'><strong>inter</strong></span> <span class='ocrx_word' id='word_1_62' title='bbox 1295 1339 1354 1383; x_wconf 85' lang='lat' dir='ltr'><strong>nos</strong></span> 
     </span>
     <span class='ocr_line' id='line_1_7' title="bbox 141 1421 1354 1511; baseline -0.002 -23"><span class='ocrx_word' id='word_1_63' title='bbox 141 1424 291 1489; x_wconf 74' lang='lat' dir='ltr'><strong>certatim</strong></span> <span class='ocrx_word' id='word_1_64' title='bbox 308 1425 523 1491; x_wconf 82' lang='lat' dir='ltr'><strong>constiterunt</strong></span> <span class='ocrx_word' id='word_1_65' title='bbox 545 1448 604 1511; x_wconf 91' lang='lat' dir='ltr'><strong>pro</strong></span> <span class='ocrx_word' id='word_1_66' title='bbox 623 1431 735 1492; x_wconf 84' lang='lat' dir='ltr'><strong>nostra</strong></span> <span class='ocrx_word' id='word_1_67' title='bbox 748 1428 836 1492; x_wconf 88' lang='lat' dir='ltr'><strong>inter</strong></span> <span class='ocrx_word' id='word_1_68' title='bbox 850 1449 910 1492; x_wconf 86' lang='lat' dir='ltr'><strong>noe</strong></span> <span class='ocrx_word' id='word_1_69' title='bbox 927 1425 1151 1492; x_wconf 78' lang='lat' dir='ltr'><strong>familiaritate</strong></span> <span class='ocrx_word' id='word_1_70' title='bbox 1171 1427 1205 1489; x_wconf 89' lang='lat' dir='ltr'><strong>et</strong></span> <span class='ocrx_word' id='word_1_71' title='bbox 1218 1421 1354 1509; x_wconf 83' lang='lat' dir='ltr'><strong>proinde</strong></span> 
     </span>
     <span class='ocr_line' id='line_1_8' title="bbox 142 1525 1354 1614; baseline -0.003 -22"><span class='ocrx_word' id='word_1_72' title='bbox 142 1526 319 1612; x_wconf 80' lang='lat' dir='ltr'><strong>diligenter</strong></span> <span class='ocrx_word' id='word_1_73' title='bbox 334 1527 375 1592; x_wconf 89' lang='lat' dir='ltr'><strong>ab</strong></span> <span class='ocrx_word' id='word_1_74' title='bbox 393 1538 529 1614; x_wconf 88' lang='lat' dir='ltr'><strong>utroque</strong></span> <span class='ocrx_word' id='word_1_75' title='bbox 550 1535 739 1596; x_wconf 81' lang='lat' dir='ltr'><strong>conservata</strong></span> <span class='ocrx_word' id='word_1_76' title='bbox 759 1535 847 1612; x_wconf 84' lang='lat' dir='ltr'><strong>eunt,</strong></span> <span class='ocrx_word' id='word_1_77' title='bbox 864 1536 974 1596; x_wconf 91' lang='lat' dir='ltr'><strong>tamen</strong></span> <span class='ocrx_word' id='word_1_78' title='bbox 997 1551 1064 1595; x_wconf 89' lang='lat' dir='ltr'><strong>non</strong></span> <span class='ocrx_word' id='word_1_79' title='bbox 1079 1526 1194 1593; x_wconf 90' lang='lat' dir='ltr'><strong>dubito</strong></span> <span class='ocrx_word' id='word_1_80' title='bbox 1208 1525 1245 1590; x_wconf 94' lang='lat' dir='ltr'><strong>in</strong></span> <span class='ocrx_word' id='word_1_81' title='bbox 1261 1529 1354 1590; x_wconf 89' lang='lat' dir='ltr'><strong>tanto</strong></span> 
     </span>
     <span class='ocr_line' id='line_1_9' title="bbox 141 1623 1354 1716; baseline -0.002 -24"><span class='ocrx_word' id='word_1_82' title='bbox 141 1630 264 1692; x_wconf 88' lang='lat' dir='ltr'><strong>ettam</strong></span> <span class='ocrx_word' id='word_1_83' title='bbox 286 1629 457 1712; x_wconf 89' lang='lat' dir='ltr'><strong>repentino</strong></span> <span class='ocrx_word' id='word_1_84' title='bbox 480 1633 573 1694; x_wconf 91' lang='lat' dir='ltr'><strong>matu</strong></span> <span class='ocrx_word' id='word_1_85' title='bbox 594 1630 642 1695; x_wconf 91' lang='lat' dir='ltr'><strong>rei</strong></span> <span class='ocrx_word' id='word_1_86' title='bbox 664 1628 815 1716; x_wconf 88' lang='lat' dir='ltr'><strong>publicae</strong></span> <span class='ocrx_word' id='word_1_87' title='bbox 839 1629 919 1716; x_wconf 89' lang='lat' dir='ltr'><strong>quin</strong></span> <span class='ocrx_word' id='word_1_88' title='bbox 939 1628 1101 1695; x_wconf 87' lang='lat' dir='ltr'><strong>nonnulla</strong></span> <span class='ocrx_word' id='word_1_89' title='bbox 1124 1627 1164 1692; x_wconf 90' lang='lat' dir='ltr'><strong>de</strong></span> <span class='ocrx_word' id='word_1_90' title='bbox 1186 1647 1238 1690; x_wconf 92' lang='lat' dir='ltr'><strong>me</strong></span> <span class='ocrx_word' id='word_1_91' title='bbox 1261 1623 1354 1690; x_wconf 82' lang='lat' dir='ltr'><strong>falsie</strong></span> 
     </span>
     <span class='ocr_line' id='line_1_10' title="bbox 141 1725 1353 1818; baseline -0.004 -23"><span class='ocrx_word' id='word_1_92' title='bbox 141 1728 326 1796; x_wconf 78' lang='lat' dir='ltr'><strong>rumoribus</strong></span> <span class='ocrx_word' id='word_1_93' title='bbox 349 1753 369 1795; x_wconf 87' lang='lat' dir='ltr'><strong>a</strong></span> <span class='ocrx_word' id='word_1_94' title='bbox 395 1730 476 1796; x_wconf 85' lang='lat' dir='ltr'><strong>meis</strong></span> <span class='ocrx_word' id='word_1_95' title='bbox 500 1729 770 1798; x_wconf 84' lang='lat' dir='ltr'><strong>obtrectatoribus</strong></span> <span class='ocrx_word' id='word_1_96' title='bbox 791 1755 844 1798; x_wconf 90' lang='lat' dir='ltr'><strong>me</strong></span> <span class='ocrx_word' id='word_1_97' title='bbox 866 1733 1006 1818; x_wconf 89' lang='lat' dir='ltr'><strong>indigna</strong></span> <span class='ocrx_word' id='word_1_98' title='bbox 1027 1732 1071 1798; x_wconf 86' lang='lat' dir='ltr'><strong>ed</strong></span> <span class='ocrx_word' id='word_1_99' title='bbox 1093 1735 1126 1797; x_wconf 90' lang='lat' dir='ltr'><strong>te</strong></span> <span class='ocrx_word' id='word_1_100' title='bbox 1149 1729 1258 1795; x_wconf 83' lang='lat' dir='ltr'><strong>delata</strong></span> <span class='ocrx_word' id='word_1_101' title='bbox 1276 1725 1353 1805; x_wconf 81' lang='lat' dir='ltr'><strong>sint,</strong></span> 
     </span>
     <span class='ocr_line' id='line_1_11' title="bbox 142 1833 1356 1921; baseline -0.003 -24"><span class='ocrx_word' id='word_1_102' title='bbox 142 1854 225 1917; x_wconf 88' lang='lat' dir='ltr'><strong>quae</strong></span> <span class='ocrx_word' id='word_1_103' title='bbox 241 1839 335 1898; x_wconf 89' lang='lat' dir='ltr'><strong>tuum</strong></span> <span class='ocrx_word' id='word_1_104' title='bbox 351 1833 498 1899; x_wconf 89' lang='lat' dir='ltr'><strong>animam</strong></span> <span class='ocrx_word' id='word_1_105' title='bbox 513 1858 636 1919; x_wconf 89' lang='lat' dir='ltr'><strong>magno</strong></span> <span class='ocrx_word' id='word_1_106' title='bbox 659 1858 754 1921; x_wconf 90' lang='lat' dir='ltr'><strong>opere</strong></span> <span class='ocrx_word' id='word_1_107' title='bbox 775 1840 944 1902; x_wconf 83' lang='lat' dir='ltr'><strong>moverent</strong></span> <span class='ocrx_word' id='word_1_108' title='bbox 957 1857 1017 1921; x_wconf 93' lang='lat' dir='ltr'><strong>pro</strong></span> <span class='ocrx_word' id='word_1_109' title='bbox 1039 1840 1098 1900; x_wconf 92' lang='lat' dir='ltr'><strong>tuo</strong></span> <span class='ocrx_word' id='word_1_110' title='bbox 1114 1854 1221 1899; x_wconf 85' lang='lat' dir='ltr'><strong>amore</strong></span> <span class='ocrx_word' id='word_1_111' title='bbox 1236 1833 1272 1896; x_wconf 91' lang='lat' dir='ltr'><strong>in</strong></span> <span class='ocrx_word' id='word_1_112' title='bbox 1286 1851 1356 1894; x_wconf 91' lang='lat' dir='ltr'><strong>rem</strong></span> 
     </span>
     <span class='ocr_line' id='line_1_12' title="bbox 141 1934 1355 2026; baseline -0.001 -27"><span class='ocrx_word' id='word_1_113' title='bbox 141 1935 317 2022; x_wconf 82' lang='lat' dir='ltr'><strong>publicam.</strong></span> <span class='ocrx_word' id='word_1_114' title='bbox 363 1937 417 2003; x_wconf 86' lang='lat' dir='ltr'><strong>Ea</strong></span> <span class='ocrx_word' id='word_1_115' title='bbox 439 1943 473 2003; x_wconf 89' lang='lat' dir='ltr'><strong>te</strong></span> <span class='ocrx_word' id='word_1_116' title='bbox 500 1939 667 2005; x_wconf 88' lang='lat' dir='ltr'><strong>moderate</strong></span> <span class='ocrx_word' id='word_1_117' title='bbox 693 1940 852 2025; x_wconf 79' lang='lat' dir='ltr'><strong>accepisse</strong></span> <span class='ocrx_word' id='word_1_118' title='bbox 877 1962 984 2026; x_wconf 88' lang='lat' dir='ltr'><strong>neque</strong></span> <span class='ocrx_word' id='word_1_119' title='bbox 1010 1945 1131 2004; x_wconf 88' lang='lat' dir='ltr'><strong>temere</strong></span> <span class='ocrx_word' id='word_1_120' title='bbox 1158 1934 1355 2026; x_wconf 83' lang='lat' dir='ltr'><strong>credendum</strong></span> 
     </span>
     <span class='ocr_line' id='line_1_13' title="bbox 143 2035 1356 2126; baseline -0.002 -24"><span class='ocrx_word' id='word_1_121' title='bbox 143 2040 303 2104; x_wconf 84' lang='lat' dir='ltr'><strong>iudicasse</strong></span> <span class='ocrx_word' id='word_1_122' title='bbox 318 2063 338 2104; x_wconf 90' lang='lat' dir='ltr'><strong>a</strong></span> <span class='ocrx_word' id='word_1_123' title='bbox 354 2041 433 2106; x_wconf 82' lang='lat' dir='ltr'><strong>meio</strong></span> <span class='ocrx_word' id='word_1_124' title='bbox 449 2041 711 2126; x_wconf 84' lang='lat' dir='ltr'><strong>procuratoribus</strong></span> <span class='ocrx_word' id='word_1_125' title='bbox 734 2044 851 2109; x_wconf 86' lang='lat' dir='ltr'><strong>certior</strong></span> <span class='ocrx_word' id='word_1_126' title='bbox 871 2064 944 2108; x_wconf 85' lang='lat' dir='ltr'><strong>enm</strong></span> <span class='ocrx_word' id='word_1_127' title='bbox 960 2041 1087 2107; x_wconf 84' lang='lat' dir='ltr'><strong>iactae:</strong></span> <span class='ocrx_word' id='word_1_128' title='bbox 1112 2062 1194 2126; x_wconf 89' lang='lat' dir='ltr'><strong>qnae</strong></span> <span class='ocrx_word' id='word_1_129' title='bbox 1210 2035 1301 2115; x_wconf 89' lang='lat' dir='ltr'><strong>mihi,</strong></span> <span class='ocrx_word' id='word_1_130' title='bbox 1318 2041 1356 2101; x_wconf 89' lang='lat' dir='ltr'><strong>ut</strong></span> 
     </span>
     <span class='ocr_line' id='line_1_14' title="bbox 143 2138 1356 2231; baseline -0.002 -25"><span class='ocrx_word' id='word_1_131' title='bbox 143 2141 274 2220; x_wconf 89' lang='lat' dir='ltr'><strong>debent,</strong></span> <span class='ocrx_word' id='word_1_132' title='bbox 291 2144 478 2227; x_wconf 83' lang='lat' dir='ltr'><strong>gratissima</strong></span> <span class='ocrx_word' id='word_1_133' title='bbox 493 2149 581 2211; x_wconf 86' lang='lat' dir='ltr'><strong>sunt.</strong></span> <span class='ocrx_word' id='word_1_134' title='bbox 627 2144 768 2211; x_wconf 89' lang='lat' dir='ltr'><strong>Memini</strong></span> <span class='ocrx_word' id='word_1_135' title='bbox 783 2145 871 2210; x_wconf 91' lang='lat' dir='ltr'><strong>enim</strong></span> <span class='ocrx_word' id='word_1_136' title='bbox 888 2149 921 2211; x_wconf 93' lang='lat' dir='ltr'><strong>et</strong></span> <span class='ocrx_word' id='word_1_137' title='bbox 936 2144 995 2210; x_wconf 89' lang='lat' dir='ltr'><strong>ille</strong></span> <span class='ocrx_word' id='word_1_138' title='bbox 1009 2143 1186 2231; x_wconf 80' lang='lat' dir='ltr'><strong>superiora,</strong></span> <span class='ocrx_word' id='word_1_139' title='bbox 1199 2163 1282 2228; x_wconf 89' lang='lat' dir='ltr'><strong>quae</strong></span> <span class='ocrx_word' id='word_1_140' title='bbox 1298 2138 1356 2204; x_wconf 85' lang='lat' dir='ltr'><strong>abe</strong></span> 
     </span>
     <span class='ocr_line' id='line_1_15' title="bbox 143 2245 1356 2333; baseline -0.001 -26"><span class='ocrx_word' id='word_1_141' title='bbox 143 2250 201 2308; x_wconf 90' lang='lat' dir='ltr'><strong>tua</strong></span> <span class='ocrx_word' id='word_1_142' title='bbox 229 2247 397 2312; x_wconf 88' lang='lat' dir='ltr'><strong>voluntate</strong></span> <span class='ocrx_word' id='word_1_143' title='bbox 422 2248 568 2331; x_wconf 87' lang='lat' dir='ltr'><strong>proiecta</strong></span> <span class='ocrx_word' id='word_1_144' title='bbox 595 2253 672 2312; x_wconf 86' lang='lat' dir='ltr'><strong>eunt</strong></span> <span class='ocrx_word' id='word_1_145' title='bbox 698 2249 741 2314; x_wconf 93' lang='lat' dir='ltr'><strong>ad</strong></span> <span class='ocrx_word' id='word_1_146' title='bbox 765 2270 873 2313; x_wconf 90' lang='lat' dir='ltr'><strong>meam</strong></span> <span class='ocrx_word' id='word_1_147' title='bbox 896 2248 1093 2333; x_wconf 89' lang='lat' dir='ltr'><strong>dignitatem</strong></span> <span class='ocrx_word' id='word_1_148' title='bbox 1113 2245 1300 2331; x_wconf 86' lang='lat' dir='ltr'><strong>aagendam</strong></span> <span class='ocrx_word' id='word_1_149' title='bbox 1322 2245 1356 2308; x_wconf 87' lang='lat' dir='ltr'><strong>et</strong></span> 
     </span>
     <span class='ocr_line' id='line_1_16' title="bbox 143 2345 1354 2434; baseline 0.01 -23"><span class='ocrx_word' id='word_1_150' title='bbox 143 2348 334 2427; x_wconf 87' lang='lat' dir='ltr'><strong>ornandam,</strong></span> <span class='ocrx_word' id='word_1_151' title='bbox 351 2370 435 2432; x_wconf 89' lang='lat' dir='ltr'><strong>quae</strong></span> <span class='ocrx_word' id='word_1_152' title='bbox 450 2353 607 2434; x_wconf 91' lang='lat' dir='ltr'><strong>perpetuo</strong></span> <span class='ocrx_word' id='word_1_153' title='bbox 629 2349 739 2416; x_wconf 92' lang='lat' dir='ltr'><strong>animo</strong></span> <span class='ocrx_word' id='word_1_154' title='bbox 759 2372 831 2417; x_wconf 92' lang='lat' dir='ltr'><strong>meo</strong></span> <span class='ocrx_word' id='word_1_155' title='bbox 847 2352 913 2416; x_wconf 80' lang='lat' dir='ltr'><strong>fixa</strong></span> <span class='ocrx_word' id='word_1_156' title='bbox 930 2350 1122 2416; x_wconf 89' lang='lat' dir='ltr'><strong>manebunt.</strong></span> <span class='ocrx_word' id='word_1_157' title='bbox 1168 2353 1199 2413; x_wconf 89' lang='lat'><strong>4.</strong></span> <span class='ocrx_word' id='word_1_158' title='bbox 1224 2345 1295 2410; x_wconf 84' lang='lat' dir='ltr'><strong>Aba</strong></span> <span class='ocrx_word' id='word_1_159' title='bbox 1310 2352 1354 2423; x_wconf 75' lang='lat' dir='ltr'><strong>te.</strong></span> 
     </span>
     <span class='ocr_line' id='line_1_17' title="bbox 141 2449 1345 2539; baseline -0.002 -25"><span class='ocrx_word' id='word_1_160' title='bbox 141 2450 187 2514; x_wconf 92' lang='lat' dir='ltr'><strong>mi</strong></span> <span class='ocrx_word' id='word_1_161' title='bbox 204 2450 326 2530; x_wconf 75' lang='lat' dir='ltr'><strong>(lioero,</strong></span> <span class='ocrx_word' id='word_1_162' title='bbox 345 2473 466 2538; x_wconf 89' lang='lat' dir='ltr'><strong>magno</strong></span> <span class='ocrx_word' id='word_1_163' title='bbox 490 2473 585 2539; x_wconf 90' lang='lat' dir='ltr'><strong>opere</strong></span> <span class='ocrx_word' id='word_1_164' title='bbox 609 2459 695 2539; x_wconf 86' lang='lat' dir='ltr'><strong>peto,</strong></span> <span class='ocrx_word' id='word_1_165' title='bbox 716 2454 744 2519; x_wconf 84' lang='lat' dir='ltr'><strong>ei</strong></span> <span class='ocrx_word' id='word_1_166' title='bbox 768 2477 874 2520; x_wconf 91' lang='lat' dir='ltr'><strong>meam</strong></span> <span class='ocrx_word' id='word_1_167' title='bbox 896 2455 1008 2534; x_wconf 83' lang='lat' dir='ltr'><strong>vitam,</strong></span> <span class='ocrx_word' id='word_1_168' title='bbox 1034 2452 1180 2518; x_wconf 80' lang='lat' dir='ltr'><strong>studium</strong></span> <span class='ocrx_word' id='word_1_169' title='bbox 1205 2449 1345 2533; x_wconf 88' lang='lat' dir='ltr'><strong>diligen·</strong></span> 
     </span>
     <span class='ocr_line' id='line_1_18' title="bbox 142 2553 1354 2642; baseline 0 -26"><span class='ocrx_word' id='word_1_170' title='bbox 142 2553 268 2619; x_wconf 81' lang='lat' dir='ltr'><strong>tissime</strong></span> <span class='ocrx_word' id='word_1_171' title='bbox 283 2555 503 2639; x_wconf 82' lang='lat' dir='ltr'><strong>superioribus</strong></span> <span class='ocrx_word' id='word_1_172' title='bbox 517 2555 718 2641; x_wconf 84' lang='lat' dir='ltr'><strong>temporibus</strong></span> <span class='ocrx_word' id='word_1_173' title='bbox 733 2557 768 2621; x_wconf 90' lang='lat' dir='ltr'><strong>in</strong></span> <span class='ocrx_word' id='word_1_174' title='bbox 784 2579 819 2622; x_wconf 91' lang='lat' dir='ltr'><strong>re</strong></span> <span class='ocrx_word' id='word_1_175' title='bbox 834 2555 964 2642; x_wconf 89' lang='lat' dir='ltr'><strong>publica</strong></span> <span class='ocrx_word' id='word_1_176' title='bbox 986 2554 1254 2632; x_wconf 85' lang='lat' dir='ltr'><strong>administranda,</strong></span> <span class='ocrx_word' id='word_1_177' title='bbox 1270 2571 1354 2637; x_wconf 90' lang='lat' dir='ltr'><strong>quae</strong></span> 
     </span>
     <span class='ocr_line' id='line_1_19' title="bbox 143 2653 1354 2746; baseline -0.002 -26"><span class='ocrx_word' id='word_1_178' title='bbox 143 2653 271 2740; x_wconf 87' lang='lat' dir='ltr'><strong>Lepido</strong></span> <span class='ocrx_word' id='word_1_179' title='bbox 295 2657 398 2744; x_wconf 87' lang='lat' dir='ltr'><strong>digna</strong></span> <span class='ocrx_word' id='word_1_180' title='bbox 422 2662 510 2738; x_wconf 86' lang='lat' dir='ltr'><strong>eunt,</strong></span> <span class='ocrx_word' id='word_1_181' title='bbox 537 2665 705 2744; x_wconf 86' lang='lat' dir='ltr'><strong>perspecta</strong></span> <span class='ocrx_word' id='word_1_182' title='bbox 729 2659 839 2740; x_wconf 82' lang='lat' dir='ltr'><strong>habea,</strong></span> <span class='ocrx_word' id='word_1_183' title='bbox 867 2664 906 2725; x_wconf 90' lang='lat' dir='ltr'><strong>ut</strong></span> <span class='ocrx_word' id='word_1_184' title='bbox 931 2659 1024 2746; x_wconf 89' lang='lat' dir='ltr'><strong>paria</strong></span> <span class='ocrx_word' id='word_1_185' title='bbox 1046 2662 1104 2724; x_wconf 89' lang='lat' dir='ltr'><strong>aut</strong></span> <span class='ocrx_word' id='word_1_186' title='bbox 1130 2679 1167 2722; x_wconf 90' lang='lat' dir='ltr'><strong>eo</strong></span> <span class='ocrx_word' id='word_1_187' title='bbox 1194 2654 1354 2741; x_wconf 88' lang='lat' dir='ltr'><strong>ampliore</strong></span> 
     </span>
     <span class='ocr_line' id='line_1_20' title="bbox 143 2760 1354 2850; baseline -0.001 -27"><span class='ocrx_word' id='word_1_188' title='bbox 143 2760 268 2844; x_wconf 86' lang='lat' dir='ltr'><strong>reliquo</strong></span> <span class='ocrx_word' id='word_1_189' title='bbox 284 2765 429 2846; x_wconf 89' lang='lat' dir='ltr'><strong>tempore</strong></span> <span class='ocrx_word' id='word_1_190' title='bbox 448 2766 662 2847; x_wconf 74' lang='lat' dir='ltr'><strong>exspectaret</strong></span> <span class='ocrx_word' id='word_1_191' title='bbox 682 2764 819 2850; x_wconf 89' lang='lat' dir='ltr'><strong>proinde</strong></span> <span class='ocrx_word' id='word_1_192' title='bbox 838 2769 897 2829; x_wconf 91' lang='lat' dir='ltr'><strong>tua</strong></span> <span class='ocrx_word' id='word_1_193' title='bbox 919 2762 1111 2829; x_wconf 85' lang='lat' dir='ltr'><strong>auctoritate</strong></span> <span class='ocrx_word' id='word_1_194' title='bbox 1125 2782 1178 2826; x_wconf 92' lang='lat' dir='ltr'><strong>me</strong></span> <span class='ocrx_word' id='word_1_195' title='bbox 1193 2760 1354 2825; x_wconf 90' lang='lat' dir='ltr'><strong>tuendum</strong></span> 
     </span>
     <span class='ocr_line' id='line_1_21' title="bbox 143 2861 1353 2952; baseline -0.002 -24"><span class='ocrx_word' id='word_1_196' title='bbox 143 2864 318 2944; x_wconf 75' lang='lat' dir='ltr'><strong>existimes,</strong></span> <span class='ocrx_word' id='word_1_197' title='bbox 329 2888 393 2950; x_wconf 91' lang='lat' dir='ltr'><strong>quo</strong></span> <span class='ocrx_word' id='word_1_198' title='bbox 409 2864 470 2930; x_wconf 85' lang='lat' dir='ltr'><strong>tibi</strong></span> <span class='ocrx_word' id='word_1_199' title='bbox 485 2866 582 2952; x_wconf 88' lang='lat' dir='ltr'><strong>plura</strong></span> <span class='ocrx_word' id='word_1_200' title='bbox 596 2872 654 2932; x_wconf 90' lang='lat' dir='ltr'><strong>tuo</strong></span> <span class='ocrx_word' id='word_1_201' title='bbox 669 2867 786 2935; x_wconf 90' lang='lat' dir='ltr'><strong>merito</strong></span> <span class='ocrx_word' id='word_1_202' title='bbox 802 2866 913 2934; x_wconf 89' lang='lat' dir='ltr'><strong>debeo.</strong></span> <span class='ocrx_word' id='word_1_203' title='bbox 959 2865 1052 2934; x_wconf 84' lang='lat' dir='ltr'><strong>Vale.</strong></span> <span class='ocrx_word' id='word_1_204' title='bbox 1097 2863 1141 2930; x_wconf 87' lang='lat' dir='ltr'><strong>D.</strong></span> <span class='ocrx_word' id='word_1_205' title='bbox 1155 2884 1203 2928; x_wconf 81' lang='lat' dir='ltr'><strong>xi.</strong></span> <span class='ocrx_word' id='word_1_206' title='bbox 1214 2861 1259 2928; x_wconf 88' lang='grc' dir='ltr'><strong>Κ.</strong></span> <span class='ocrx_word' id='word_1_207' title='bbox 1275 2861 1353 2928; x_wconf 88' lang='lat' dir='ltr'><strong>Iun.</strong></span> 
     </span>
     <span class='ocr_line' id='line_1_22' title="bbox 143 2967 694 3056; baseline 0.011 -25"><span class='ocrx_word' id='word_1_208' title='bbox 143 2989 182 3031; x_wconf 86' lang='lat' dir='ltr'><strong>ex</strong></span> <span class='ocrx_word' id='word_1_209' title='bbox 199 2968 323 3047; x_wconf 81' lang='lat' dir='ltr'><strong>caetris,</strong></span> <span class='ocrx_word' id='word_1_210' title='bbox 340 2992 380 3033; x_wconf 84' lang='lat' dir='ltr'><strong>ex</strong></span> <span class='ocrx_word' id='word_1_211' title='bbox 395 2967 501 3034; x_wconf 89' lang='lat' dir='ltr'><strong>Ponte</strong></span> <span class='ocrx_word' id='word_1_212' title='bbox 516 2969 694 3056; x_wconf 87' lang='lat' dir='ltr'><strong>Argenteo.</strong></span> 
     </span>
    </p>
   </div>
   <div class='ocr_carea' id='block_1_7' title="bbox 141 3130 1427 4493">
    <p class='ocr_par' dir='ltr' id='par_1_7' title="bbox 141 3130 1427 3973">
     <span class='ocr_line' id='line_1_23' title="bbox 176 3130 1049 3197; baseline 0.006 -20"><span class='ocrx_word' id='word_1_213' title='bbox 176 3132 199 3178; x_wconf 86' lang='grc'><strong>3.</strong></span> <span class='ocrx_word' id='word_1_214' title='bbox 217 3130 275 3177; x_wconf 70' lang='lat' dir='ltr'><strong>Eat</strong></span> <span class='ocrx_word' id='word_1_215' title='bbox 293 3165 300 3178; x_wconf 91' lang='lat'><strong>.</strong></span> <span class='ocrx_word' id='word_1_216' title='bbox 320 3165 326 3178; x_wconf 87' lang='lat'><strong>.</strong></span> <span class='ocrx_word' id='word_1_217' title='bbox 348 3167 354 3179; x_wconf 94' lang='lat'><strong>.</strong></span> <span class='ocrx_word' id='word_1_218' title='bbox 373 3140 513 3181; x_wconf 74' lang='lat' dir='ltr'><strong>corraei-vata</strong></span> <span class='ocrx_word' id='word_1_219' title='bbox 540 3130 609 3197; x_wconf 75' lang='lat' dir='ltr'><strong>comt]</strong></span> <span class='ocrx_word' id='word_1_220' title='bbox 659 3133 722 3181; x_wconf 80' lang='lat' dir='ltr'><strong>‘ril-</strong></span> <span class='ocrx_word' id='word_1_221' title='bbox 775 3136 1049 3197; x_wconf 73' lang='lat' dir='ltr'><strong>immotumpuuederet.</strong></span> 
     </span>
     <span class='ocr_line' id='line_1_24' title="bbox 142 3191 1351 3271; baseline 0.002 -29"><span class='ocrx_word' id='word_1_222' title='bbox 142 3193 241 3258; x_wconf 72' lang='lat' dir='ltr'><strong>*lrougb</strong></span> <span class='ocrx_word' id='word_1_223' title='bbox 251 3194 321 3244; x_wconf 88' lang='lat' dir='ltr'><strong>there</strong></span> <span class='ocrx_word' id='word_1_224' title='bbox 333 3195 376 3244; x_wconf 83' lang='lat' dir='ltr'><strong>hae</strong></span> <span class='ocrx_word' id='word_1_225' title='bbox 393 3196 487 3260; x_wconf 83' lang='lat' dir='ltr'><strong>alwaye</strong></span> <span class='ocrx_word' id='word_1_226' title='bbox 504 3196 600 3246; x_wconf 72' lang='lat' dir='ltr'><strong>existed</strong></span> <span class='ocrx_word' id='word_1_227' title='bbox 612 3197 724 3246; x_wconf 87' lang='lat' dir='ltr'><strong>between</strong></span> <span class='ocrx_word' id='word_1_228' title='bbox 806 3203 832 3248; x_wconf 78' lang='lat'><strong>4.</strong></span> <span class='ocrx_word' id='word_1_229' title='bbox 850 3202 934 3261; x_wconf 71' lang='lat' dir='ltr'><strong>vitain,</strong></span> <span class='ocrx_word' id='word_1_230' title='bbox 947 3192 1257 3271; x_wconf 66' lang='lat' dir='ltr'><strong>etodiumdiltqeatieaieae]</strong></span> <span class='ocrx_word' id='word_1_231' title='bbox 1275 3191 1351 3242; x_wconf 83' lang='lat' dir='ltr'><strong>Lam·</strong></span> 
     </span>
     <span class='ocr_line' id='line_1_25' title="bbox 144 3259 1354 3327; baseline -0.002 -20"><span class='ocrx_word' id='word_1_232' title='bbox 144 3274 173 3308; x_wconf 86' lang='lat' dir='ltr'><strong>ue</strong></span> <span class='ocrx_word' id='word_1_233' title='bbox 183 3259 226 3308; x_wconf 87' lang='lat' dir='ltr'><strong>the</strong></span> <span class='ocrx_word' id='word_1_234' title='bbox 238 3265 346 3322; x_wconf 76' lang='lat' dir='ltr'><strong>greatest</strong></span> <span class='ocrx_word' id='word_1_235' title='bbox 356 3261 492 3310; x_wconf 76' lang='lat' dir='ltr'><strong>emulatioa</strong></span> <span class='ocrx_word' id='word_1_236' title='bbox 509 3261 537 3310; x_wconf 92' lang='lat' dir='ltr'><strong>in</strong></span> <span class='ocrx_word' id='word_1_237' title='bbox 553 3261 615 3311; x_wconf 89' lang='lat' dir='ltr'><strong>kind</strong></span> <span class='ocrx_word' id='word_1_238' title='bbox 629 3262 723 3312; x_wconf 75' lang='lat' dir='ltr'><strong>cerviae</strong></span> <span class='ocrx_word' id='word_1_239' title='bbox 773 3262 848 3313; x_wconf 80' lang='lat' dir='ltr'><strong>binae</strong></span> <span class='ocrx_word' id='word_1_240' title='bbox 875 3266 947 3314; x_wconf 79' lang='lat' dir='ltr'><strong>raeda</strong></span> <span class='ocrx_word' id='word_1_241' title='bbox 974 3265 1125 3327; x_wconf 70' lang='lat' dir='ltr'><strong>diligentiam</strong></span> <span class='ocrx_word' id='word_1_242' title='bbox 1151 3278 1180 3312; x_wconf 90' lang='lat' dir='ltr'><strong>or</strong></span> <span class='ocrx_word' id='word_1_243' title='bbox 1201 3261 1354 3320; x_wconf 59' lang='lat' dir='ltr'><strong>aeternam</strong></span> 
     </span>
     <span class='ocr_line' id='line_1_26' title="bbox 142 3321 1427 3392; baseline 0 -22"><span class='ocrx_word' id='word_1_244' title='bbox 142 3321 168 3370; x_wconf 90' lang='lat' dir='ltr'><strong>in</strong></span> <span class='ocrx_word' id='word_1_245' title='bbox 186 3323 269 3373; x_wconf 80' lang='lat' dir='ltr'><strong>virtue</strong></span> <span class='ocrx_word' id='word_1_246' title='bbox 287 3325 314 3374; x_wconf 80' lang='lat' dir='ltr'><strong>oi</strong></span> <span class='ocrx_word' id='word_1_247' title='bbox 331 3340 377 3374; x_wconf 89' lang='lat' dir='ltr'><strong>our</strong></span> <span class='ocrx_word' id='word_1_248' title='bbox 387 3326 485 3375; x_wconf 88' lang='lat' dir='ltr'><strong>mutual</strong></span> <span class='ocrx_word' id='word_1_249' title='bbox 502 3325 651 3388; x_wconf 81' lang='lat' dir='ltr'><strong>friendehip‚</strong></span> <span class='ocrx_word' id='word_1_250' title='bbox 672 3328 723 3376; x_wconf 88' lang='lat' dir='ltr'><strong>and</strong></span> <span class='ocrx_word' id='word_1_251' title='bbox 773 3344 888 3377; x_wconf 67' lang='lat' dir='ltr'><strong>sucurram</strong></span> <span class='ocrx_word' id='word_1_252' title='bbox 909 3328 951 3378; x_wconf 78' lang='lat' dir='ltr'><strong>for</strong></span> <span class='ocrx_word' id='word_1_253' title='bbox 972 3329 1162 3392; x_wconf 69' lang='lat' dir='ltr'><strong>diligentissimo,</strong></span> <span class='ocrx_word' id='word_1_254' title='bbox 1186 3322 1351 3388; x_wconf 80' lang='lat' dir='ltr'><strong>needleeoly:</strong></span> <span class='ocrx_word' id='word_1_255' title='bbox 1424 3342 1427 3347; x_wconf 63' lang='grc'><em>’</em></span> 
     </span>
     <span class='ocr_line' id='line_1_27' title="bbox 142 3387 1353 3458; baseline -0.001 -21"><span class='ocrx_word' id='word_1_256' title='bbox 142 3388 333 3450; x_wconf 81' lang='lat' dir='ltr'><strong>thapracticeie</strong></span> <span class='ocrx_word' id='word_1_257' title='bbox 343 3392 397 3454; x_wconf 83' lang='lat' dir='ltr'><strong>juet</strong></span> <span class='ocrx_word' id='word_1_258' title='bbox 408 3407 435 3439; x_wconf 86' lang='lat' dir='ltr'><strong>ae</strong></span> <span class='ocrx_word' id='word_1_259' title='bbox 447 3392 532 3440; x_wconf 80' lang='lat' dir='ltr'><strong>before</strong></span> <span class='ocrx_word' id='word_1_260' title='bbox 548 3391 723 3455; x_wconf 83' lang='lat' dir='ltr'><strong>eorupulouely</strong></span> <span class='ocrx_word' id='word_1_261' title='bbox 772 3392 813 3442; x_wconf 81' lang='lat' dir='ltr'><strong>ior</strong></span> <span class='ocrx_word' id='word_1_262' title='bbox 834 3393 897 3443; x_wconf 83' lang='lat' dir='ltr'><strong>auclr</strong></span> <span class='ocrx_word' id='word_1_263' title='bbox 918 3410 951 3444; x_wconf 87' lang='lat' dir='ltr'><strong>aa</strong></span> <span class='ocrx_word' id='word_1_264' title='bbox 976 3394 1131 3458; x_wconf 72' lang='lat' dir='ltr'><strong>‘asyndeton</strong></span> <span class='ocrx_word' id='word_1_265' title='bbox 1154 3387 1303 3441; x_wconf 85' lang='lat' dir='ltr'><strong>bimembre’</strong></span> <span class='ocrx_word' id='word_1_266' title='bbox 1325 3402 1353 3436; x_wconf 82' lang='lat' dir='ltr'><strong>aa</strong></span> 
     </span>
     <span class='ocr_line' id='line_1_28' title="bbox 141 3453 1352 3521; baseline 0.003 -20"><span class='ocrx_word' id='word_1_267' title='bbox 141 3453 294 3503; x_wconf 86' lang='lat' dir='ltr'><strong>maintained</strong></span> <span class='ocrx_word' id='word_1_268' title='bbox 304 3455 339 3518; x_wconf 94' lang='lat' dir='ltr'><strong>by</strong></span> <span class='ocrx_word' id='word_1_269' title='bbox 350 3455 408 3504; x_wconf 89' lang='lat' dir='ltr'><strong>both</strong></span> <span class='ocrx_word' id='word_1_270' title='bbox 420 3457 447 3504; x_wconf 81' lang='lat' dir='ltr'><strong>oi</strong></span> <span class='ocrx_word' id='word_1_271' title='bbox 459 3455 523 3505; x_wconf 84' lang='lat' dir='ltr'><strong>no&#39;:</strong></span> <span class='ocrx_word' id='word_1_272' title='bbox 542 3458 622 3504; x_wconf 73' lang='lat' dir='ltr'><strong>studio</strong></span> <span class='ocrx_word' id='word_1_273' title='bbox 632 3456 722 3517; x_wconf 75' lang='lat' dir='ltr'><strong>officit:</strong></span> <span class='ocrx_word' id='word_1_274' title='bbox 767 3472 876 3521; x_wconf 72' lang='lat' dir='ltr'><strong>appears</strong></span> <span class='ocrx_word' id='word_1_275' title='bbox 903 3459 929 3507; x_wconf 93' lang='lat' dir='ltr'><strong>in</strong></span> <span class='ocrx_word' id='word_1_276' title='bbox 957 3458 1001 3508; x_wconf 89' lang='lat' dir='ltr'><strong>the</strong></span> <span class='ocrx_word' id='word_1_277' title='bbox 1026 3472 1074 3508; x_wconf 78' lang='lat' dir='ltr'><strong>ires</strong></span> <span class='ocrx_word' id='word_1_278' title='bbox 1100 3457 1160 3506; x_wconf 88' lang='lat' dir='ltr'><strong>here</strong></span> <span class='ocrx_word' id='word_1_279' title='bbox 1189 3456 1211 3505; x_wconf 83' lang='lat' dir='ltr'><strong>ie</strong></span> <span class='ocrx_word' id='word_1_280' title='bbox 1238 3466 1352 3504; x_wconf 83' lang='lat' dir='ltr'><strong>common</strong></span> 
     </span>
     <span class='ocr_line' id='line_1_29' title="bbox 144 3517 1349 3587; baseline 0.003 -23"><span class='ocrx_word' id='word_1_281' title='bbox 144 3517 253 3567; x_wconf 79' lang='lat' dir='ltr'><strong>‘acaliu</strong></span> <span class='ocrx_word' id='word_1_282' title='bbox 269 3518 346 3581; x_wconf 84' lang='lat' dir='ltr'><strong>doing</strong></span> <span class='ocrx_word' id='word_1_283' title='bbox 363 3521 476 3569; x_wconf 63' lang='lat' dir='ltr'><strong>cervice)</strong></span> <span class='ocrx_word' id='word_1_284' title='bbox 511 3520 616 3584; x_wconf 80' lang='lat' dir='ltr'><strong>Madvig</strong></span> <span class='ocrx_word' id='word_1_285' title='bbox 635 3519 717 3584; x_wconf 71' lang='lat' dir='ltr'><strong>(Ml.</strong></span> <span class='ocrx_word' id='word_1_286' title='bbox 772 3522 940 3587; x_wconf 78' lang='lat' dir='ltr'><strong>enougbzap.</strong></span> <span class='ocrx_word' id='word_1_287' title='bbox 951 3526 1042 3584; x_wconf 49' lang='lat'><strong>8826„</strong></span> <span class='ocrx_word' id='word_1_288' title='bbox 1057 3522 1106 3571; x_wconf 83' lang='lat' dir='ltr'><strong>and</strong></span> <span class='ocrx_word' id='word_1_289' title='bbox 1117 3521 1256 3581; x_wconf 85' lang='lat' dir='ltr'><strong>Lehmann,</strong></span> <span class='ocrx_word' id='word_1_290' title='bbox 1270 3533 1295 3581; x_wconf 88' lang='lat' dir='ltr'><strong>p.</strong></span> <span class='ocrx_word' id='word_1_291' title='bbox 1309 3517 1349 3565; x_wconf 74' lang='lat'><strong>‘25-</strong></span> 
     </span>
     <span class='ocr_line' id='line_1_30' title="bbox 141 3580 1351 3649; baseline 0.002 -21"><span class='ocrx_word' id='word_1_292' title='bbox 141 3580 178 3628; x_wconf 89' lang='lat' dir='ltr'><strong>iii.</strong></span> <span class='ocrx_word' id='word_1_293' title='bbox 195 3584 489 3647; x_wconf 82' lang='lat' dir='ltr'><strong>163)uecdlesalyaltere</strong></span> <span class='ocrx_word' id='word_1_294' title='bbox 500 3588 718 3647; x_wconf 79' lang='lat' dir='ltr'><strong>mutaotomatui,</strong></span> <span class='ocrx_word' id='word_1_295' title='bbox 803 3602 864 3649; x_wconf 79' lang='lat' dir='ltr'><strong>quae</strong></span> <span class='ocrx_word' id='word_1_296' title='bbox 878 3589 970 3649; x_wconf 79' lang='lat' dir='ltr'><strong>Lepide</strong></span> <span class='ocrx_word' id='word_1_297' title='bbox 990 3590 1065 3649; x_wconf 70' lang='lat' dir='ltr'><strong>atym</strong></span> <span class='ocrx_word' id='word_1_298' title='bbox 1087 3593 1144 3634; x_wconf 81' lang='lat' dir='ltr'><strong>runt</strong></span> <span class='ocrx_word' id='word_1_299' title='bbox 1204 3584 1269 3632; x_wconf 88' lang='lat' dir='ltr'><strong>‘and</strong></span> <span class='ocrx_word' id='word_1_300' title='bbox 1290 3581 1351 3644; x_wconf 85' lang='lat' dir='ltr'><strong>they</strong></span> 
     </span>
     <span class='ocr_line' id='line_1_31' title="bbox 141 3646 1353 3717; baseline 0 -24"><span class='ocrx_word' id='word_1_301' title='bbox 141 3646 643 3711; x_wconf 72' lang='lat' dir='ltr'><strong>andhunibinuareadacffletaqueamtua.</strong></span> <span class='ocrx_word' id='word_1_302' title='bbox 670 3649 721 3699; x_wconf 82' lang='lat' dir='ltr'><strong>For</strong></span> <span class='ocrx_word' id='word_1_303' title='bbox 771 3651 816 3712; x_wconf 74' lang='lat' dir='ltr'><strong>(to.</strong></span> <span class='ocrx_word' id='word_1_304' title='bbox 844 3668 889 3717; x_wconf 87' lang='lat' dir='ltr'><strong>my</strong></span> <span class='ocrx_word' id='word_1_305' title='bbox 907 3652 953 3702; x_wconf 79' lang='lat' dir='ltr'><strong>life</strong></span> <span class='ocrx_word' id='word_1_306' title='bbox 980 3652 1030 3701; x_wconf 83' lang='lat' dir='ltr'><strong>and</strong></span> <span class='ocrx_word' id='word_1_307' title='bbox 1047 3650 1149 3715; x_wconf 80' lang='lat' dir='ltr'><strong>politica</strong></span> <span class='ocrx_word' id='word_1_308' title='bbox 1177 3647 1292 3710; x_wconf 79' lang='lat' dir='ltr'><strong>activity)</strong></span> <span class='ocrx_word' id='word_1_309' title='bbox 1311 3660 1353 3694; x_wconf 72' lang='lat' dir='ltr'><strong>are</strong></span> 
     </span>
     <span class='ocr_line' id='line_1_32' title="bbox 141 3709 1354 3780; baseline 0.003 -22"><span class='ocrx_word' id='word_1_310' title='bbox 141 3710 184 3759; x_wconf 87' lang='lat' dir='ltr'><strong>the</strong></span> <span class='ocrx_word' id='word_1_311' title='bbox 192 3710 319 3773; x_wconf 86' lang='lat' dir='ltr'><strong>plconaam</strong></span> <span class='ocrx_word' id='word_1_312' title='bbox 330 3718 413 3761; x_wconf 67' lang='lat' dir='ltr'><strong>cautae</strong></span> <span class='ocrx_word' id='word_1_313' title='bbox 421 3720 484 3762; x_wconf 72' lang='lat' dir='ltr'><strong>irater</strong></span> <span class='ocrx_word' id='word_1_314' title='bbox 495 3730 544 3774; x_wconf 73' lang='lat' dir='ltr'><strong>raca,</strong></span> <span class='ocrx_word' id='word_1_315' title='bbox 554 3730 593 3777; x_wconf 89' lang='lat' dir='ltr'><strong>cp.</strong></span> <span class='ocrx_word' id='word_1_316' title='bbox 603 3713 678 3763; x_wconf 86' lang='lat' dir='ltr'><strong>Lacr.</strong></span> <span class='ocrx_word' id='word_1_317' title='bbox 689 3713 718 3763; x_wconf 88' lang='lat' dir='ltr'><strong>ii.</strong></span> <span class='ocrx_word' id='word_1_318' title='bbox 772 3717 871 3780; x_wconf 81' lang='lat' dir='ltr'><strong>wortby</strong></span> <span class='ocrx_word' id='word_1_319' title='bbox 882 3717 911 3766; x_wconf 77' lang='lat' dir='ltr'><strong>of</strong></span> <span class='ocrx_word' id='word_1_320' title='bbox 921 3733 936 3766; x_wconf 90' lang='lat' dir='ltr'><strong>a</strong></span> <span class='ocrx_word' id='word_1_321' title='bbox 947 3716 1074 3779; x_wconf 75' lang='lat' dir='ltr'><strong>Lepidus.¹</strong></span> <span class='ocrx_word' id='word_1_322' title='bbox 1118 3714 1272 3774; x_wconf 75' lang='lat' dir='ltr'><strong>Wesenberg</strong></span> <span class='ocrx_word' id='word_1_323' title='bbox 1282 3709 1354 3758; x_wconf 69' lang='lat' dir='ltr'><strong>read·</strong></span> 
     </span>
     <span class='ocr_line' id='line_1_33' title="bbox 143 3774 1354 3845; baseline 0.001 -20"><span class='ocrx_word' id='word_1_324' title='bbox 143 3775 182 3836; x_wconf 78' lang='lat'><strong>76,</strong></span> <span class='ocrx_word' id='word_1_325' title='bbox 204 3779 267 3823; x_wconf 75' lang='lat' dir='ltr'><strong>inter</strong></span> <span class='ocrx_word' id='word_1_326' title='bbox 286 3792 309 3824; x_wconf 79' lang='lat' dir='ltr'><strong>re</strong></span> <span class='ocrx_word' id='word_1_327' title='bbox 332 3780 442 3826; x_wconf 76' lang='lat' dir='ltr'><strong>ricortalee</strong></span> <span class='ocrx_word' id='word_1_328' title='bbox 463 3785 548 3826; x_wconf 82' lang='lat' dir='ltr'><strong>mutua</strong></span> <span class='ocrx_word' id='word_1_329' title='bbox 566 3781 651 3828; x_wconf 80' lang='lat' dir='ltr'><strong>cicant</strong></span> <span class='ocrx_word' id='word_1_330' title='bbox 672 3779 722 3828; x_wconf 85' lang='lat' dir='ltr'><strong>and</strong></span> <span class='ocrx_word' id='word_1_331' title='bbox 772 3784 831 3841; x_wconf 77' lang='lat' dir='ltr'><strong>atat,</strong></span> <span class='ocrx_word' id='word_1_332' title='bbox 852 3781 891 3830; x_wconf 80' lang='lat' dir='ltr'><strong>‘ii</strong></span> <span class='ocrx_word' id='word_1_333' title='bbox 905 3797 956 3845; x_wconf 92' lang='lat' dir='ltr'><strong>yon</strong></span> <span class='ocrx_word' id='word_1_334' title='bbox 972 3782 1036 3830; x_wconf 78' lang='lat' dir='ltr'><strong>have</strong></span> <span class='ocrx_word' id='word_1_335' title='bbox 1053 3778 1205 3841; x_wconf 87' lang='lat' dir='ltr'><strong>thoroughly</strong></span> <span class='ocrx_word' id='word_1_336' title='bbox 1222 3791 1281 3826; x_wconf 78' lang='lat' dir='ltr'><strong>reon</strong></span> <span class='ocrx_word' id='word_1_337' title='bbox 1297 3774 1354 3823; x_wconf 74' lang='lat' dir='ltr'><strong>thot</strong></span> 
     </span>
     <span class='ocr_line' id='line_1_34' title="bbox 142 3837 1353 3909; baseline 0 -22"><span class='ocrx_word' id='word_1_338' title='bbox 142 3838 234 3889; x_wconf 82' lang='lat' dir='ltr'><strong>Munro</strong></span> <span class='ocrx_word' id='word_1_339' title='bbox 246 3841 277 3888; x_wconf 88' lang='lat' dir='ltr'><strong>ad</strong></span> <span class='ocrx_word' id='word_1_340' title='bbox 293 3840 358 3896; x_wconf 75' lang='lat' dir='ltr'><strong>loa:</strong></span> <span class='ocrx_word' id='word_1_341' title='bbox 376 3841 434 3892; x_wconf 82' lang='lat' dir='ltr'><strong>Liv.</strong></span> <span class='ocrx_word' id='word_1_342' title='bbox 451 3843 505 3891; x_wconf 86' lang='lat' dir='ltr'><strong>viii.</strong></span> <span class='ocrx_word' id='word_1_343' title='bbox 524 3847 565 3905; x_wconf 76' lang='lat'><strong>24,</strong></span> <span class='ocrx_word' id='word_1_344' title='bbox 583 3843 613 3904; x_wconf 86' lang='grc'><strong>7;</strong></span> <span class='ocrx_word' id='word_1_345' title='bbox 631 3845 719 3892; x_wconf 78' lang='lat' dir='ltr'><strong>xxxvi.</strong></span> <span class='ocrx_word' id='word_1_346' title='bbox 772 3859 816 3909; x_wconf 87' lang='lat' dir='ltr'><strong>my</strong></span> <span class='ocrx_word' id='word_1_347' title='bbox 828 3844 873 3894; x_wconf 80' lang='lat' dir='ltr'><strong>lile</strong></span> <span class='ocrx_word' id='word_1_348' title='bbox 884 3848 932 3894; x_wconf 84' lang='lat' dir='ltr'><strong>and</strong></span> <span class='ocrx_word' id='word_1_349' title='bbox 943 3845 1056 3908; x_wconf 85' lang='lat' dir='ltr'><strong>politioel</strong></span> <span class='ocrx_word' id='word_1_350' title='bbox 1072 3843 1178 3908; x_wconf 84' lang='lat' dir='ltr'><strong>activity</strong></span> <span class='ocrx_word' id='word_1_351' title='bbox 1196 3856 1237 3891; x_wconf 86' lang='lat' dir='ltr'><strong>are</strong></span> <span class='ocrx_word' id='word_1_352' title='bbox 1253 3837 1353 3902; x_wconf 85' lang='lat' dir='ltr'><strong>worthy</strong></span> 
     </span>
     <span class='ocr_line' id='line_1_35' title="bbox 142 3905 962 3973; baseline 0.007 -21"><span class='ocrx_word' id='word_1_353' title='bbox 142 3906 182 3965; x_wconf 80' lang='lat'><strong>³9,</strong></span> <span class='ocrx_word' id='word_1_354' title='bbox 197 3909 227 3962; x_wconf 86' lang='lat'><strong>6;</strong></span> <span class='ocrx_word' id='word_1_355' title='bbox 247 3905 355 3961; x_wconf 85' lang='lat' dir='ltr'><strong>Quintil.</strong></span> <span class='ocrx_word' id='word_1_356' title='bbox 367 3922 392 3954; x_wconf 87' lang='lat' dir='ltr'><strong>x.</strong></span> <span class='ocrx_word' id='word_1_357' title='bbox 407 3909 430 3968; x_wconf 81' lang='lat'><strong>2,</strong></span> <span class='ocrx_word' id='word_1_358' title='bbox 448 3909 486 3956; x_wconf 83' lang='lat' dir='ltr'><strong>lt.</strong></span> <span class='ocrx_word' id='word_1_359' title='bbox 772 3909 800 3958; x_wconf 84' lang='lat' dir='ltr'><strong>of</strong></span> <span class='ocrx_word' id='word_1_360' title='bbox 811 3909 962 3973; x_wconf 66' lang='lat' dir='ltr'><strong>aLepidue!</strong></span> 
     </span>
    </p>

    <p class='ocr_par' dir='ltr' id='par_1_8' title="bbox 141 3965 1354 4168">
     <span class='ocr_line' id='line_1_36' title="bbox 175 3965 1354 4039; baseline -0.002 -22"><span class='ocrx_word' id='word_1_361' title='bbox 175 3986 234 4031; x_wconf 77' lang='lat' dir='ltr'><strong>quaa</strong></span> <span class='ocrx_word' id='word_1_362' title='bbox 254 4007 259 4018; x_wconf 92' lang='lat'><strong>.</strong></span> <span class='ocrx_word' id='word_1_363' title='bbox 276 4007 281 4018; x_wconf 91' lang='lat'><strong>.</strong></span> <span class='ocrx_word' id='word_1_364' title='bbox 297 4007 303 4017; x_wconf 92' lang='lat'><strong>.</strong></span> <span class='ocrx_word' id='word_1_365' title='bbox 322 3977 441 4019; x_wconf 80' lang='lat' dir='ltr'><strong>moverent</strong></span> <span class='ocrx_word' id='word_1_366' title='bbox 459 4008 465 4020; x_wconf 91' lang='lat'><strong>.</strong></span> <span class='ocrx_word' id='word_1_367' title='bbox 481 4008 487 4020; x_wconf 92' lang='lat'><strong>.</strong></span> <span class='ocrx_word' id='word_1_368' title='bbox 502 4007 509 4021; x_wconf 89' lang='lat'><strong>.</strong></span> <span class='ocrx_word' id='word_1_369' title='bbox 525 3971 659 4039; x_wconf 71' lang='lat' dir='ltr'><strong>publicam]</strong></span> <span class='ocrx_word' id='word_1_370' title='bbox 681 3971 725 4022; x_wconf 83' lang='lat' dir='ltr'><strong>‘oi</strong></span> <span class='ocrx_word' id='word_1_371' title='bbox 805 3979 829 4021; x_wconf 84' lang='lat' dir='ltr'><strong>et</strong></span> <span class='ocrx_word' id='word_1_372' title='bbox 834 3976 937 4034; x_wconf 73' lang='lat' dir='ltr'><strong>proinde</strong></span> <span class='ocrx_word' id='word_1_373' title='bbox 955 4011 961 4025; x_wconf 93' lang='lat'><strong>.</strong></span> <span class='ocrx_word' id='word_1_374' title='bbox 981 4008 988 4022; x_wconf 94' lang='lat'><strong>.</strong></span> <span class='ocrx_word' id='word_1_375' title='bbox 1007 4006 1016 4023; x_wconf 84' lang='grc'><strong>.</strong></span> <span class='ocrx_word' id='word_1_376' title='bbox 1033 3972 1113 4039; x_wconf 74' lang='lat' dir='ltr'><strong>dalea]</strong></span> <span class='ocrx_word' id='word_1_377' title='bbox 1165 3965 1354 4031; x_wconf 75' lang='lat' dir='ltr'><strong>‘andIbegoi</strong></span> 
     </span>
     <span class='ocr_line' id='line_1_37' title="bbox 142 4031 1354 4107; baseline -0.001 -26"><span class='ocrx_word' id='word_1_378' title='bbox 142 4035 204 4082; x_wconf 87' lang='lat' dir='ltr'><strong>euch</strong></span> <span class='ocrx_word' id='word_1_379' title='bbox 216 4050 231 4083; x_wconf 90' lang='lat' dir='ltr'><strong>a</strong></span> <span class='ocrx_word' id='word_1_380' title='bbox 241 4042 330 4084; x_wconf 86' lang='lat' dir='ltr'><strong>nature</strong></span> <span class='ocrx_word' id='word_1_381' title='bbox 342 4051 369 4084; x_wconf 86' lang='lat' dir='ltr'><strong>ae</strong></span> <span class='ocrx_word' id='word_1_382' title='bbox 381 4035 503 4100; x_wconf 83' lang='lat' dir='ltr'><strong>ecrioualy</strong></span> <span class='ocrx_word' id='word_1_383' title='bbox 514 4043 540 4085; x_wconf 90' lang='lat' dir='ltr'><strong>to</strong></span> <span class='ocrx_word' id='word_1_384' title='bbox 551 4036 647 4086; x_wconf 82' lang='lat' dir='ltr'><strong>diaturb</strong></span> <span class='ocrx_word' id='word_1_385' title='bbox 659 4052 723 4100; x_wconf 90' lang='lat' dir='ltr'><strong>your</strong></span> <span class='ocrx_word' id='word_1_386' title='bbox 773 4053 825 4102; x_wconf 91' lang='lat' dir='ltr'><strong>you</strong></span> <span class='ocrx_word' id='word_1_387' title='bbox 835 4045 862 4087; x_wconf 92' lang='lat' dir='ltr'><strong>to</strong></span> <span class='ocrx_word' id='word_1_388' title='bbox 877 4039 928 4089; x_wconf 77' lang='lat' dir='ltr'><strong>leel</strong></span> <span class='ocrx_word' id='word_1_389' title='bbox 939 4039 993 4088; x_wconf 82' lang='lat' dir='ltr'><strong>that</strong></span> <span class='ocrx_word' id='word_1_390' title='bbox 1010 4053 1061 4102; x_wconf 90' lang='lat' dir='ltr'><strong>you</strong></span> <span class='ocrx_word' id='word_1_391' title='bbox 1077 4036 1167 4087; x_wconf 81' lang='lat' dir='ltr'><strong>abould</strong></span> <span class='ocrx_word' id='word_1_392' title='bbox 1182 4035 1242 4085; x_wconf 87' lang='lat' dir='ltr'><strong>lead</strong></span> <span class='ocrx_word' id='word_1_393' title='bbox 1256 4048 1296 4082; x_wconf 88' lang='lat' dir='ltr'><strong>rna</strong></span> <span class='ocrx_word' id='word_1_394' title='bbox 1310 4031 1354 4107; x_wconf 79' lang='lat' dir='ltr'><strong>the</strong></span> 
     </span>
     <span class='ocr_line' id='line_1_38' title="bbox 141 4098 1354 4168; baseline 0 -21"><span class='ocrx_word' id='word_1_395' title='bbox 141 4098 219 4156; x_wconf 88' lang='lat' dir='ltr'><strong>mind,</strong></span> <span class='ocrx_word' id='word_1_396' title='bbox 230 4099 317 4162; x_wconf 82' lang='lat' dir='ltr'><strong>leving</strong></span> <span class='ocrx_word' id='word_1_397' title='bbox 327 4116 355 4148; x_wconf 83' lang='lat' dir='ltr'><strong>aa</strong></span> <span class='ocrx_word' id='word_1_398' title='bbox 366 4116 416 4164; x_wconf 85' lang='lat' dir='ltr'><strong>you</strong></span> <span class='ocrx_word' id='word_1_399' title='bbox 427 4101 459 4149; x_wconf 91' lang='lat' dir='ltr'><strong>do</strong></span> <span class='ocrx_word' id='word_1_400' title='bbox 470 4116 534 4165; x_wconf 90' lang='lat' dir='ltr'><strong>your</strong></span> <span class='ocrx_word' id='word_1_401' title='bbox 544 4100 672 4166; x_wconf 65' lang='lat' dir='ltr'><strong>country!</strong></span> <span class='ocrx_word' id='word_1_402' title='bbox 773 4103 911 4164; x_wconf 89' lang='lat' dir='ltr'><strong>protection</strong></span> <span class='ocrx_word' id='word_1_403' title='bbox 923 4104 951 4153; x_wconf 78' lang='lat' dir='ltr'><strong>of</strong></span> <span class='ocrx_word' id='word_1_404' title='bbox 962 4119 1026 4168; x_wconf 84' lang='lat' dir='ltr'><strong>your</strong></span> <span class='ocrx_word' id='word_1_405' title='bbox 1036 4103 1160 4153; x_wconf 80' lang='lat' dir='ltr'><strong>influenoe</strong></span> <span class='ocrx_word' id='word_1_406' title='bbox 1171 4101 1198 4150; x_wconf 92' lang='lat' dir='ltr'><strong>in</strong></span> <span class='ocrx_word' id='word_1_407' title='bbox 1209 4103 1354 4163; x_wconf 78' lang='lat' dir='ltr'><strong>proportior</strong></span> 
     </span>
    </p>

    <p class='ocr_par' dir='ltr' id='par_1_9' title="bbox 141 4164 1354 4493">
     <span class='ocr_line' id='line_1_39' title="bbox 174 4164 1354 4232; baseline -0.001 -21"><span class='ocrx_word' id='word_1_408' title='bbox 174 4165 305 4230; x_wconf 82' lang='lat' dir='ltr'><strong>moderate]</strong></span> <span class='ocrx_word' id='word_1_409' title='bbox 342 4164 419 4214; x_wconf 84' lang='lat' dir='ltr'><strong>‘with</strong></span> <span class='ocrx_word' id='word_1_410' title='bbox 427 4166 543 4215; x_wconf 67' lang='lat' dir='ltr'><strong>reserva!</strong></span> <span class='ocrx_word' id='word_1_411' title='bbox 773 4182 801 4216; x_wconf 79' lang='lat' dir='ltr'><strong>aa</strong></span> <span class='ocrx_word' id='word_1_412' title='bbox 813 4168 825 4217; x_wconf 95' lang='lat' dir='ltr'><strong>l</strong></span> <span class='ocrx_word' id='word_1_413' title='bbox 838 4184 879 4217; x_wconf 90' lang='lat' dir='ltr'><strong>am</strong></span> <span class='ocrx_word' id='word_1_414' title='bbox 890 4168 1011 4218; x_wconf 80' lang='lat' dir='ltr'><strong>themora</strong></span> <span class='ocrx_word' id='word_1_415' title='bbox 1027 4169 1117 4232; x_wconf 86' lang='lat' dir='ltr'><strong>deeply</strong></span> <span class='ocrx_word' id='word_1_416' title='bbox 1132 4166 1250 4216; x_wconf 84' lang='lat' dir='ltr'><strong>indabted</strong></span> <span class='ocrx_word' id='word_1_417' title='bbox 1265 4171 1292 4212; x_wconf 91' lang='lat' dir='ltr'><strong>to</strong></span> <span class='ocrx_word' id='word_1_418' title='bbox 1303 4177 1354 4226; x_wconf 93' lang='lat' dir='ltr'><strong>you</strong></span> 
     </span>
     <span class='ocr_line' id='line_1_40' title="bbox 143 4228 1354 4362; baseline 0.007 -20"><span class='ocrx_word' id='word_1_419' title='bbox 143 4228 277 4343; x_wconf 66' lang='lat' dir='ltr'><strong>..llll</strong></span> <span class='ocrx_word' id='word_1_420' title='bbox 298 4229 724 4357; x_wconf 49' lang='lat' dir='ltr'><strong>balbillt’tltttttt</strong></span> <span class='ocrx_word' id='word_1_421' title='bbox 774 4229 1354 4362; x_wconf 61' lang='lat' dir='ltr'><strong>tattiatttt‘ttttltltet</strong></span> 
     </span>
     <span class='ocr_line' id='line_1_41' title="bbox 141 4357 1352 4427; baseline 0.004 -20"><span class='ocrx_word' id='word_1_422' title='bbox 141 4358 289 4417; x_wconf 77' lang='lat' dir='ltr'><strong>sometimes,</strong></span> <span class='ocrx_word' id='word_1_423' title='bbox 302 4376 353 4424; x_wconf 82' lang='lat' dir='ltr'><strong>eg.</strong></span> <span class='ocrx_word' id='word_1_424' title='bbox 364 4360 420 4410; x_wconf 82' lang='lat' dir='ltr'><strong>Cat.</strong></span> <span class='ocrx_word' id='word_1_425' title='bbox 431 4363 467 4410; x_wconf 80' lang='lat' dir='ltr'><strong>iv.</strong></span> <span class='ocrx_word' id='word_1_426' title='bbox 476 4363 507 4408; x_wconf 81' lang='lat'><strong>23</strong></span> <span class='ocrx_word' id='word_1_427' title='bbox 519 4359 555 4424; x_wconf 91' lang='lat' dir='ltr'><strong>(in</strong></span> <span class='ocrx_word' id='word_1_428' title='bbox 561 4375 638 4427; x_wconf 85' lang='lat' dir='ltr'><strong>many</strong></span> <span class='ocrx_word' id='word_1_429' title='bbox 646 4361 720 4426; x_wconf 73' lang='lat' dir='ltr'><strong>uee);</strong></span> <span class='ocrx_word' id='word_1_430' title='bbox 772 4361 795 4411; x_wconf 81' lang='lat' dir='ltr'><strong>ie</strong></span> <span class='ocrx_word' id='word_1_431' title='bbox 814 4363 876 4413; x_wconf 77' lang='lat' dir='ltr'><strong>med</strong></span> <span class='ocrx_word' id='word_1_432' title='bbox 893 4363 991 4414; x_wconf 69' lang='lat' dir='ltr'><strong>instead</strong></span> <span class='ocrx_word' id='word_1_433' title='bbox 1002 4363 1031 4414; x_wconf 80' lang='lat' dir='ltr'><strong>oi</strong></span> <span class='ocrx_word' id='word_1_434' title='bbox 1046 4379 1113 4415; x_wconf 77' lang='lat' dir='ltr'><strong>eonio</strong></span> <span class='ocrx_word' id='word_1_435' title='bbox 1124 4362 1240 4425; x_wconf 82' lang='lat' dir='ltr'><strong>ordinary</strong></span> <span class='ocrx_word' id='word_1_436' title='bbox 1255 4357 1352 4422; x_wconf 66' lang='lat' dir='ltr'><strong>plum,</strong></span> 
     </span>
     <span class='ocr_line' id='line_1_42' title="bbox 141 4423 956 4493; baseline 0.007 -21"><span class='ocrx_word' id='word_1_437' title='bbox 141 4423 216 4489; x_wconf 78' lang='lat' dir='ltr'><strong>Verg.</strong></span> <span class='ocrx_word' id='word_1_438' title='bbox 228 4426 292 4473; x_wconf 80' lang='lat' dir='ltr'><strong>Aen.</strong></span> <span class='ocrx_word' id='word_1_439' title='bbox 303 4425 338 4475; x_wconf 79' lang='lat' dir='ltr'><strong>iv.</strong></span> <span class='ocrx_word' id='word_1_440' title='bbox 349 4427 386 4487; x_wconf 81' lang='lat'><strong>16,</strong></span> <span class='ocrx_word' id='word_1_441' title='bbox 398 4427 420 4474; x_wconf 79' lang='lat' dir='ltr'><strong>ot</strong></span> <span class='ocrx_word' id='word_1_442' title='bbox 431 4426 493 4475; x_wconf 70' lang='lat' dir='ltr'><strong>meat</strong></span> <span class='ocrx_word' id='word_1_443' title='bbox 500 4441 548 4474; x_wconf 80' lang='lat' dir='ltr'><strong>noo</strong></span> <span class='ocrx_word' id='word_1_444' title='bbox 556 4427 723 4491; x_wconf 71' lang='lat' dir='ltr'><strong>aatmosttum</strong></span> <span class='ocrx_word' id='word_1_445' title='bbox 772 4426 824 4478; x_wconf 81' lang='lat' dir='ltr'><strong>like</strong></span> <span class='ocrx_word' id='word_1_446' title='bbox 835 4443 860 4478; x_wconf 80' lang='lat' dir='ltr'><strong>ca</strong></span> <span class='ocrx_word' id='word_1_447' title='bbox 870 4430 956 4493; x_wconf 71' lang='lat' dir='ltr'><strong>magia.</strong></span> 
     </span>
    </p>
   </div>
   <div class='ocr_carea' id='block_1_8' title="bbox 0 0 1516 5444">
    <p class='ocr_par' dir='ltr' id='par_1_10' title="bbox 0 0 1516 5444">
     <span class='ocr_line' id='line_1_43' title="bbox 0 0 1516 5444; baseline 0 0"><span class='ocrx_word' id='word_1_448' title='bbox 0 0 1516 5444; x_wconf 95' lang='lat' dir='ltr'><strong> </strong></span> 
     </span>
    </p>
   </div>
  </div>
 </body>
</html>
