3022 5444
446 390 726 459 neccarum
753 392 877 477 (rau.
903 393 947 457 x.
974 395 1019 476 r).
1280 397 1322 460 aa

113 597 185 640 mea
216 581 311 660 putes
341 599 407 640 esse
439 600 603 662 curesque,
635 582 673 643 ut
703 577 874 662 intellegat
903 577 987 643 hauc
1010 581 1321 647 commendationem

114 679 257 743 maximo
288 679 350 744 sibi
380 681 453 745 usui
484 680 603 746 fuisse:
634 681 694 746 hoc
721 681 801 746 mihi
826 682 951 768 gratius
976 681 1081 748 facere
1110 683 1194 748 nihil
1219 692 1320 769 potes.

114 780 211 857 Oura,
237 786 273 845 ut
298 782 414 846 valeas.
538 772 540 776 ὗ

181 1164 455 1232 DGOOXXXII.
503 1167 720 1233 PLANOUS
743 1167 802 1234 ΤΟ
825 1168 995 1235 CICERO
1022 1171 1126 1252 (Fau.
1151 1194 1182 1237 x.
1208 1175 1250 1255 r).

113 1377 238 1421 cauma
262 1378 416 1435 cauum
444 1377 565 1421 saraca
588 1377 620 1424 aa
644 1357 798 1443 (aaour);
830 1381 862 1423 a.
880 1380 913 1425 a.
931 1381 958 1423 c.
976 1377 1044 1439 7113
1075 1382 1104 1426 a.
1122 1383 1150 1427 c.
1167 1381 1220 1438 433
1246 1385 1320 1427 aar.

658 1483 718 1526 crc.
736 1480 778 1528 ea.

164 1645 193 1693 L.
215 1645 322 1696 Plancus
345 1662 444 1696 causam
467 1647 598 1697 brevitatis
617 1647 756 1698 litterarum
776 1654 802 1698 at
821 1649 899 1699 studii
920 1649 948 1699 in
967 1665 1019 1699 rem
1042 1622 1226 1714 publicam'sui
1243 1653 1324 1704 serius

113 1724 233 1787 patefacti
249 1727 344 1776 indicat
363 1743 483 1793 suamque
502 1729 650 1793 dignitatem
671 1728 708 1778 M.
729 1728 842 1780 Ciceroni
861 1733 1024 1782 commendat.

532 1897 699 1953 PLANCUS
718 1898 904 1953 CICERONI.

180 2056 209 2119 l.
234 2053 337 2120 Plura
352 2054 413 2120 tibi
428 2058 468 2121 de
484 2056 565 2121 meis
586 2056 729 2122 consiliis
743 2056 915 2121 scriberem
937 2058 1160 2143 rationemque
1176 2062 1321 2128 omnium

112 2179 221 2222 rerum
251 2161 419 2224 redderem
450 2159 626 2238 verbosius,
651 2182 715 2244 quo
745 2161 850 2245 magis
880 2160 1038 2226 iudicares
1063 2163 1172 2228 omnia
1199 2167 1321 2232 merei

112 2261 260 2346 publicae
276 2263 483 2346 praestitisse,
500 2285 582 2347 quae
598 2269 630 2327 et
646 2268 704 2326 tua
719 2262 945 2329 exhortatione
963 2264 1074 2350 excepi
1090 2270 1122 2329 et
1137 2288 1210 2330 mea
1225 2270 1321 2333 adfir-

112 2365 255 2429 matione
278 2365 340 2430 tibi
363 2367 578 2451 recepi-non
601 2367 712 2431 minus
738 2366 824 2431 enim
850 2389 870 2430 a
893 2370 927 2433 te
949 2366 1078 2452 probari
1102 2390 1200 2453 quam
1226 2372 1322 2457 diligi

113 2491 240 2553 semper
254 2471 353 2548 volui,
370 2492 429 2535 uec
441 2477 473 2535 te
490 2470 595 2555 magis
610 2470 644 2534 in
661 2469 757 2555 culpa
771 2469 975 2534 defensorem
988 2469 1071 2534 mihi
1086 2471 1208 2555 paravi,
1224 2495 1323 2557 quam

113 2573 367 2658 praedicatorem
383 2574 573 2639 meritorum
587 2595 735 2639 meorum
750 2595 818 2638 esse
833 2573 983 2652 volui-3
1005 2575 1061 2638 sed
1077 2573 1256 2641 breviorem
1271 2601 1322 2643 me

114 2678 197 2742 duae
212 2700 263 2743 res
278 2677 425 2743 faciunt:
443 2700 519 2755 una,
532 2679 618 2762 quod
634 2676 772 2763 publicis
786 2677 904 2741 litteris
919 2676 1030 2741 omnia
1045 2699 1117 2741 snm
1126 2685 1321 2762 persecutus,

114 2780 228 2860 altera,
241 2783 327 2866 quod
337 2780 385 2845 M.
398 2780 613 2860 Varisidium,
626 2781 769 2864 equitem
785 2779 983 2858 Romanum,
996 2779 1192 2846 familiarem
1201 2805 1322 2864 meum,

113 2885 221 2972 ipsum
253 2885 295 2949 ad
326 2893 358 2949 te
389 2884 527 2950 trausire
558 2883 648 2962 iussi,
679 2906 720 2947 ex
750 2904 814 2966 quo
845 2881 955 2947 omnia
985 2903 1175 2967 cognoscere
1204 2907 1321 2970 posses.

113 2990 144 3052 2.
169 2988 246 3052 Non
263 2988 389 3052 medius
405 2988 501 3051 fidius
517 2988 671 3052 mediocri
686 2987 796 3051 dolore
811 2983 995 3065 adficiebar,
1006 3007 1080 3050 cum
1096 2986 1152 3050 alii
1168 3008 1323 3073 occupare

113 3091 345 3175 possessionem
367 3091 476 3155 laudis
503 3089 701 3169 viderentur,
725 3091 781 3154 sed
802 3111 905 3174 usque
930 3087 1011 3153 mihi
1033 3091 1221 3175 temperavi,
1243 3093 1322 3157 dum

113 3196 321 3281 perducerem
338 3218 374 3259 eo
391 3217 471 3270 rem,
488 3198 527 3258 ut
542 3194 681 3279 dignum
704 3193 829 3279 aliquid
848 3198 880 3256 et
896 3192 1066 3256 consulatu
1081 3215 1153 3258 meo
1169 3198 1201 3259 et
1217 3201 1323 3261 vestra

113 3298 353 3383 exspectatione
376 3300 533 3362 efficerem
548 3320 556 3376 ;
581 3297 667 3379 quod
688 3318 791 3381 spero,
808 3295 836 3359 si
851 3316 904 3359 me
925 3294 1059 3359 fortuna
1073 3317 1140 3360 non
1156 3296 1322 3378 fefellerit,

113 3425 166 3466 me
196 3408 454 3476 consecuturum,
479 3407 516 3465 ut
541 3400 685 3465 maximo
710 3398 870 3484 praesidio
895 3397 943 3462 rei
968 3398 1118 3483 publicae
1140 3422 1199 3466 nos
1224 3401 1324 3467 fuisse

115 3512 148 3570 et
164 3528 251 3570 nuno
274 3505 417 3570 sentiant
440 3504 587 3569 homines
613 3511 646 3568 et
672 3503 707 3566 in
731 3507 896 3588 posterum
923 3501 1080 3567 memoria
1099 3508 1243 3570 teneant.
1290 3506 1324 3570 A

116 3612 148 3673 te
169 3612 255 3694 peto,
279 3612 317 3673 ut
339 3607 495 3693 dignitati
519 3630 610 3673 meae
635 3605 824 3690 suffrageris
847 3610 890 3685 et,
914 3625 1053 3688 quarum
1075 3627 1182 3671 rerum
1205 3629 1260 3692 spe
1283 3609 1325 3674 ad

115 3712 244 3776 laudem
270 3735 321 3775 me
344 3711 475 3788 vocasti,
491 3711 606 3774 harum
630 3712 736 3775 fructu
760 3710 794 3773 in
817 3708 979 3793 reliquum
1003 3707 1104 3771 facias
1127 3708 1322 3777 alacriorem.

148 3918 210 3968 This
224 3918 246 3967 ia
262 3933 277 3966 a
294 3916 391 3980 private
407 3916 481 3965 letter
498 3923 524 3964 to
541 3915 628 3964 Cicero
639 3919 696 3962 saut
746 3927 780 3975 up
792 3917 819 3960 at
830 3926 894 3975 your
903 3908 998 3970 advice,
1009 3908 1058 3956 aud
1075 3924 1107 3957 on
1123 3925 1165 3972 my
1177 3926 1234 3958 ouu
1249 3913 1324 3973 word,

116 3985 149 4048 by
171 3984 214 4033 the
236 3998 303 4032 acme
325 3997 468 4044 messenger
489 3996 516 4028 as
541 3979 584 4029 the
606 3977 696 4028 official
746 3976 959 4039 pledgedtoyeu‚
972 3973 1288 4050 undertoohtoperform)

115 4050 187 4097 letter
199 4049 277 4111 (8³3).
779 4039 944 4101 defensorem.
960 4074 966 4086 .
981 4039 1187 4098 praedicatorem
1214 4039 1325 4115 'Trans-

150 4117 172 4162 1.
190 4110 323 4176 verbosius]
346 4115 389 4160 ‘at
401 4115 499 4173 greater
509 4107 617 4171 length!
647 4106 696 4156 We
747 4106 798 4155 late
817 4102 975 4153 ‘todefend’
996 4139 1002 4150 .
1024 4138 1030 4150 ‚
1050 4139 1056 4150 ,
1077 4106 1187 4166 ιῖορτοο
1223 4104 1266 4154 m.'

116 4179 148 4227 do
171 4184 215 4227 not
238 4178 312 4225 know
332 4178 361 4223 uf
380 4191 430 4239 any
450 4175 522 4223 other
543 4188 646 4236 passage
669 4171 696 4220 in
779 4186 830 4217 curn
846 4166 995 4233 persecutus]
1033 4166 1061 4216 ‘l
1079 4166 1143 4218 have
1160 4171 1256 4221 treated
1272 4170 1325 4220 of’:

117 4242 201 4291 which
223 4241 274 4291 this
298 4241 366 4289 word
388 4240 410 4287 is
432 4240 491 4288 used
514 4238 542 4287 in
561 4253 577 4287 a
598 4236 696 4286 neutral
747 4251 786 4298 cp.
801 4234 859 4284 Seu.
875 4235 914 4282 16.

117 4323 195 4356 senae.
243 4307 269 4356 It
296 4304 431 4355 elsewhere
458 4319 544 4353 mcaus
574 4300 694 4366 ‘werdy,'
780 4315 865 4361 eaqrw
884 4334 890 4346 .
912 4334 917 4346 .
939 4312 1041 4357 .porees
1083 4296 1327 4350 ‘sothatfromhim

121 4371 238 4435 ‘prolia'
749 4379 800 4429 you
812 4379 870 4427 may
881 4362 951 4412 learn
962 4377 1007 4411 eve
1068 4360 1131 4426 ing.’

151 4453 211 4499 quae
233 4445 279 4484 er.
303 4473 307 4483 .
327 4471 333 4482 .
352 4434 441 4498 recepi]
483 4430 581 4480 ‘which
606 4430 616 4478 l
640 4428 699 4479 took
783 4431 807 4478 2.
826 4434 849 4475 er
879 4442 981 4489 quarrsm
1002 4441 1102 4475 rerum.
1123 4462 1130 4475 .
1151 4428 1313 4477 ‚alacriorem
