3022 5444
435 395 712 463 oeconoma
739 395 891 479 (saun
915 397 947 462 Ι.
969 398 1040 480 10).
1274 399 1339 464 aaa

126 586 317 666 exercitum,
331 585 418 671 quod
433 589 470 650 ut
485 585 606 649 faceres
621 585 719 669 idque
730 589 919 663 maturares,
934 607 1055 670 magno
1070 607 1166 670 opere
1180 585 1341 650 desidera·

130 689 188 756 bat
209 711 261 754 res
286 687 428 774 publica,
444 687 641 773 ingravescit
663 686 751 751 enirn
773 686 808 750 in
831 687 900 750 dies
922 686 1115 752 intestinum
1137 688 1261 753 malum
1283 711 1342 754 neo

127 792 273 859 externis
296 791 443 856 hostibus
468 790 574 876 magis
605 810 703 874 quom
734 788 918 854 domesticis
943 788 1136 870 laboramus,
1162 791 1219 875 qui
1250 798 1342 858 eraut

129 897 264 963 omnino
283 895 325 960 ab
341 895 435 959 initio
451 894 540 972 belli,
565 896 620 958 sed
636 892 765 958 facilius
780 892 1038 978 frangebantur:
1062 895 1198 959 ¹erectior
1212 899 1343 961 senatus

127 1001 200 1066 erat
213 1020 281 1064 non
296 997 467 1063 sententiis
488 996 593 1062 solum
615 996 745 1073 nostris,
765 997 821 1060 sed
844 996 944 1061 etiam
967 996 1242 1062 cohortationibus
1257 1000 1342 1064 exci-

130 1107 239 1181 tatus3
263 1102 334 1166 erat
347 1099 382 1164 in
398 1103 513 1165 senatu
536 1100 615 1164 satis
629 1098 803 1164 vehemens
819 1102 851 1164 et
871 1121 943 1165 acer
957 1098 1067 1165 Pansa
1082 1122 1156 1164 cum
1171 1101 1207 1164 in
1222 1105 1343 1168 ceteros

130 1203 227 1269 huius
249 1202 388 1287 generis,
409 1207 481 1269 tum
504 1202 645 1268 maxime
668 1202 704 1266 in
727 1224 883 1281 socerum,
907 1203 959 1268 cui
981 1203 1106 1268 consuli
1128 1225 1194 1267 non
1214 1203 1343 1270 animus

128 1305 172 1372 ab
186 1307 292 1386 initio,
308 1328 375 1371 non
390 1305 470 1371 fides
485 1307 528 1371 ad
543 1310 724 1371 extremum
740 1305 857 1370 defuit.
914 1306 946 1368 2.
970 1304 1103 1370 Bellum
1119 1305 1160 1370 ad
1175 1305 1343 1374 Mutinam

130 1414 175 1474 ita
204 1409 387 1496 gerebatur,
418 1407 502 1474 nihil
532 1413 570 1474 ut
600 1408 635 1472 in
667 1406 802 1474 Caesare
832 1408 1094 1494 reprehenderes,
1121 1410 1281 1475 nonnulla
1306 1411 1343 1476 in

130 1512 244 1580 Hirtio
257 1536 265 1593 3
288 1512 386 1578 huius
402 1511 478 1578 belli
492 1513 636 1590 fortuna,

348 1696 385 1758 ut
400 1692 435 1757 in
450 1691 610 1772 secundis,
626 1691 727 1771 fluxa,
743 1692 831 1758 utin
847 1691 1001 1772 adversis,
1017 1691 1123 1758 bona:

127 1893 199 1954 erat
213 1888 331 1955 victrix
345 1909 396 1952 res
411 1887 541 1972 publiea
556 1888 656 1952 caesis
674 1886 815 1953 Antonii
839 1888 949 1973 copiis,
966 1887 1037 1973 ipso
1060 1888 1196 1973 expulso
1210 1912 1218 1970 ;
1242 1888 1342 1955 Bruti

128 1993 248 2058 deinde
277 1993 326 2058 ita
354 1990 460 2055 multa
490 1993 631 2074 peecata,
663 1995 701 2056 ut
731 1991 873 2076 quodam
897 1991 994 2057 modo
1021 1990 1156 2056 victoria
1181 1992 1344 2059 excideret

127 2121 148 2163 e
172 2094 343 2161 manibus:
378 2093 574 2178 perterritos,
600 2094 750 2171 inermes,
777 2094 902 2159 saucios
925 2115 991 2158 non
1019 2099 1096 2158 sunt
1122 2094 1225 2159 nostri
1247 2095 1345 2161 duces

130 2198 288 2286 persecuti
304 2197 482 2280 datumque
496 2194 624 2282 Lepido
640 2202 769 2283 tempus
783 2200 841 2274 est,
857 2196 892 2260 in
908 2217 972 2281 quo
986 2195 1156 2261 levitatem
1172 2197 1344 2284 eiussaepe

130 2308 330 2391 perspectam
345 2300 523 2367 maioribus
537 2303 573 2367 in
589 2302 686 2368 malis
704 2303 936 2388 experiremur.
980 2301 1066 2367 sunt
1081 2303 1240 2369 exercitus
1255 2303 1344 2385 boni,

129 2410 187 2474 sed
210 2407 307 2472 rudes
333 2403 432 2469 Bruti
463 2411 496 2470 et
525 2403 653 2486 Planci,
680 2413 756 2471 sunt
781 2405 970 2471 fidelissima
994 2409 1027 2470 et
1051 2407 1196 2471 maxima
1219 2408 1344 2474 auxilia

131 2512 310 2577 Gallorum.
357 2508 388 2571 3.
412 2507 478 2573 Sed
501 2507 671 2574 Caesarem
697 2508 779 2574 meis
807 2508 948 2574 consiliis
974 2507 1080 2572 adhuc
1110 2508 1341 2593 gubernatum,

130 2612 295 2702 praeclara
323 2611 431 2696 ipsum
462 2611 573 2678 indole
603 2611 854 2699 admirabilique
885 2612 1068 2677 constantia
1097 2611 1344 2698 improbissimis

163 2850 191 2892 erl
211 2844 328 2905 faceres.
350 2877 356 2890 .
377 2878 383 2890 .
402 2841 563 2908 desiderabat]
605 2842 631 2892 It
652 2843 675 2892 is
694 2860 709 2893 a
758 2843 850 2894 iambis
863 2844 974 2893 trimeter
987 2859 1027 2905 op.
1040 2843 1093 2891 Att.
1106 2843 1142 2890 iv·
1158 2846 1180 2903 1,
1194 2845 1208 2890 8
1222 2844 1285 2906 (90).

129 2923 197 2959 mere
218 2907 332 2956 accident
354 2905 409 2955 that
426 2905 478 2955 this
496 2907 709 2958 constructionis
792 2911 894 2958 Bruti.
914 2943 921 2956 .
941 2944 947 2956 .
967 2905 1164 3019 maltcpeceatal]3
1191 2906 1252 2955 This
1264 2908 1341 2958 refers

129 2972 210 3022 found
221 2971 280 3036 only
293 2986 354 3020 once
365 2970 499 3021 elsewhere
507 2971 534 3020 in
547 2971 633 3022 Cicero
646 2972 707 3037 (011.
759 2972 895 3037 especially
902 2979 929 3022 to
937 2972 977 3021 bis
988 2971 1063 3035 delay
1071 2973 1137 3021 after
1165 2970 1224 3035 sing
1232 2972 1342 3022 released

130 3037 159 3087 ii.
173 3039 214 3098 39)
224 3053 230 3096 ;
249 3038 288 3085 lor
298 3043 353 3097 opto
364 3043 391 3084 at
403 3036 425 3085 is
436 3051 558 3086 common.
757 3039 823 3088 from
835 3037 944 3097 Mutina,
953 3035 1111 3101 wherebyhe
1122 3035 1229 3084 allowed
1237 3037 1340 3101 Antony

162 3103 267 3151 exterms
285 3136 291 3149 .
311 3137 318 3149 .
338 3136 344 3149 .
364 3099 512 3166 laboramus]
554 3100 608 3150 'l'he
626 3107 707 3151 meta·
758 3108 786 3152 to
797 3108 839 3165 get
854 3118 920 3152 some
933 3101 1002 3165 days'
1020 3105 1083 3150 start
1099 3115 1132 3150 on
1146 3099 1187 3149 his
1202 3100 1277 3163 ssight
1287 3101 1341 3151 into

148 3168 193 3215 hor
209 3167 237 3215 in
253 3167 399 3227 impresserit
419 3168 561 3214 intestinam
581 3165 709 3215 melamis
760 3167 834 3216 Gaul.
869 3167 939 3228 Also,
958 3164 1073 3228 perhaps,
1093 3164 1179 3215 Cicero
1197 3166 1342 3216 considered

129 3182 190 3294 lept
201 3247 243 3343 up,
256 3230 305 3279 and
317 3230 422 3279 laetitae
439 3230 461 3280 is
479 3231 539 3279 used
555 3246 583 3280 as
599 3229 710 3280 iflostes
759 3231 816 3281 that
827 3231 860 3279 D.
874 3230 968 3280 Brutus
984 3229 1085 3280 shewed
1097 3222 1210 3279 wantos
1224 3236 1276 3279 tect
1292 3232 1342 3280 and

131 3302 218 3345 weret
236 3296 361 3344 edisease.
758 3296 893 3360 judgment
909 3295 937 3345 in
953 3301 998 3344 not
1011 3294 1097 3358 acting
1114 3293 1141 3343 in
1158 3295 1269 3359 friendly
1281 3311 1343 3345 con·

162 3363 261 3408 erectior
310 3359 506 3409 ‘tookaflrmer
519 3360 610 3408 stand!
760 3368 812 3410 cert
824 3360 887 3410 with
900 3359 1030 3409 Octavian.

162 3358 279 3489 soceruml
313 3423 435 3474 Galenus:
455 3439 493 3486 cp.
506 3424 573 3474 Phil.
585 3423 641 3474 viii.
657 3426 695 3473 19.
794 3424 932 3491 Gallorum]
967 3423 1342 3487 cp.8al‚5;the1110brogcc

162 3491 202 3537 eat
223 3488 327 3553 caereale]
361 3488 448 3538 Cicero
465 3490 557 3539 inserts
578 3489 621 3539 the
641 3489 709 3539 word
759 3505 851 3552 appear
866 3495 892 3540 to
909 3489 973 3538 have
990 3489 1054 3538 been
1074 3488 1208 3551 especially
1226 3490 1339 3551 devoted,

128 3555 229 3612 musali,
238 3569 265 3601 aa
276 3553 408 3603 otherwise
420 3557 458 3602 cul
466 3554 550 3603 would
559 3553 589 3603 be
600 3553 709 3603 referred
760 3558 816 3610 900,
830 3559 854 3602 4.

129 3623 156 3668 to
172 3632 284 3666 socerum.
320 3619 359 3665 On
377 3617 484 3668 Cicero's
500 3618 603 3682 opinion
620 3620 648 3669 of
665 3619 710 3668 the
793 3622 815 3668 3.
828 3618 1000 3681 paternalem]
1013 3617 1079 3667 nsit
1087 3615 1109 3665 is
1121 3615 1340 3681 ellowabletosay

130 3682 231 3732 consuls
242 3698 280 3743 op.
296 3683 352 3741 set,
368 3686 391 3730 1.
761 3683 838 3746 (Phil.
851 3701 877 3732 x.
893 3685 931 3745 19)
951 3688 1041 3731 mentes
1057 3682 1131 3729 latus
1144 3683 1239 3728 ordinis
1253 3682 1340 3742 paler·

164 3751 187 3795 2.
206 3748 322 3794 rmnnalla
341 3750 368 3794 ia
387 3747 486 3810 Hirtio]
522 3747 608 3798 Cicero
628 3747 650 3796 is
668 3763 708 3796 re·
760 3755 861 3805 eantur,
874 3763 901 3797 so
914 3763 952 3796 we
968 3762 1015 3796 can
1031 3760 1076 3809 say
1088 3745 1128 3792 lic
1143 3746 1199 3791 crdo
1210 3759 1238 3794 or
1256 3747 1343 3794 Caesar

128 3810 225 3874 ferring
241 3817 268 3860 to
283 3810 327 3859 the
343 3810 425 3861 whole
440 3814 572 3876 campaign
589 3812 615 3860 in
627 3812 710 3862 North
758 3813 923 3875 paternalem:
943 3827 983 3874 op.
997 3810 1080 3859 Flaco.
1102 3811 1142 3867 63,
1160 3824 1220 3869 quae
1237 3809 1342 3874 (rioilus)

130 3875 209 3940 Italy,
228 3875 312 3924 rather
329 3874 391 3925 than
411 3877 531 3942 specially
550 3883 577 3926 to
597 3877 639 3927 the
658 3882 711 3926 two
761 3873 1233 3936 slecpte'matleemconsiliisyabernatnr.
1256 3873 1299 3923 Me
1316 3889 1345 3925 er

129 3947 315 4004 engagements,
329 3941 378 3989 aud
393 3940 464 3991 there
479 3942 501 3991 is
513 3957 545 3991 no
560 3942 639 3991 doubt
654 3940 711 3989 that
764 3942 798 4004 (p.
817 3943 873 4002 121)
889 3941 970 3989 draws
986 3947 1027 3988 too
1043 3938 1093 3986 fine
1110 3954 1125 3986 a
1141 3936 1286 3988 distinction

130 4003 201 4054 there
213 4004 392 4054 wasaeertain
404 4013 508 4056 amount
517 4008 546 4056 ol
554 4006 712 4055 dilatoriness
763 4012 844 4055 tween
863 4004 906 4054 the
923 4020 982 4053 man
1001 4003 1050 4053 and
1066 4001 1107 4051 his
1128 4001 1198 4051 mind
1221 4002 1295 4052 when
1312 4004 1344 4054 be

130 4069 217 4119 shown
235 4071 269 4134 by
286 4070 329 4120 the
346 4071 460 4120 consuls:
479 4087 517 4134 op.
536 4073 594 4133 836,
614 4075 643 4128 1;
663 4069 712 4119 Dio
763 4084 882 4132 supposes
893 4067 1344 4130 thatCaesarpalrrrsatarcannotbe

131 4134 200 4183 Cass.
220 4134 284 4184 xlvi.
306 4136 346 4195 35,
367 4137 389 4195 6,
407 4135 453 4186 τόν
472 4157 501 4186 τε
519 4135 630 4198 πόλεμον
647 4135 712 4196 μήτε
763 4135 877 4192 allowed,
898 4134 1004 4183 because
1019 4134 1152 4195 palernam
1170 4133 1193 4181 is
1208 4140 1253 4181 not
1267 4133 1346 4183 found

129 4203 224 4265 σπουδῇ
240 4201 306 4261 μήτε
322 4204 473 4264 παραχρῆμα
484 4206 515 4265 τῇ
533 4203 579 4250 τοῦ
590 4205 712 4265 χειμῶνος
764 4198 899 4249 elsewhere
910 4199 937 4247 in
950 4198 1036 4247 Cicero
1047 4197 1109 4247 with
1122 4214 1137 4247 a
1148 4197 1246 4262 strictly
1258 4213 1345 4261 perso·

130 4268 255 4327 προφάσει
288 4266 448 4325 ποιουμένους
486 4266 554 4330 (τοὺς
594 4265 709 4329 ὑπάτους)
765 4262 1157 4327 nalobjeettbutitisfoundin
1166 4264 1230 4326 good
1239 4263 1343 4324 writers,

130 4330 234 4394 ᾔσθετο.
270 4331 313 4377 Ita
324 4330 346 4379 is
357 4330 437 4380 added
449 4331 482 4396 by
496 4330 658 4394 Wesenberg.
765 4346 804 4392 cp.
817 4328 875 4378 Ter.
890 4327 984 4392 Hecyr.
998 4326 1035 4377 iii.
1056 4332 1077 4388 1,
1095 4330 1133 4386 31,
1148 4330 1207 4390 qesta
1224 4330 1288 4376 enlm
1304 4331 1348 4392 φοί

163 4401 191 4442 ut
214 4399 241 4442 lm
263 4397 372 4444 secundis
390 4431 396 4444 .
417 4431 424 4444 .
445 4432 452 4445 .
471 4394 542 4460 tona]
588 4395 639 4445 For
660 4394 713 4445 this
765 4393 1046 4457 eosyuternatcmmm,
1059 4395 1184 4457 infirmum
1194 4399 1291 4455 peram.

195 4496 256 4530 von.
275 4495 312 4529 vr.
1191 4472 1215 4528 Q
