3022 5444
457 417 679 488 DCCCCIX.
704 418 856 503 (BRUT.
879 419 911 484 Ι.
934 419 1005 504 19).
1264 417 1331 483 245

127 604 388 671 coniunctissimo
417 604 558 683 homine,
589 605 755 693 privatim,
787 605 839 672 vel
870 627 890 671 a
919 605 1080 672 consulari
1106 606 1177 673 viro
1206 609 1333 672 remota

127 709 365 775 necessitudine
376 708 514 794 privata,
530 707 631 775 debeo
651 709 834 796 impetrare.
880 708 971 782 Quid
994 708 1037 775 sie
1056 709 1215 790 facturus,
1230 709 1328 775 velim

126 811 208 879 mihi
223 834 322 898 quam
336 813 479 898 primurn
492 812 657 879 rescribas.
702 811 781 879 Kel.
799 811 1019 885 Quinctilibus
1034 837 1075 880 ex
1089 813 1211 880 cestris.

227 1220 438 1292 DCCCCIX.
484 1222 654 1292 CICERO
677 1224 736 1291 ΤΟ
759 1223 951 1291 BRUTUS
978 1225 1099 1309 (Brenn.
1123 1247 1147 1291 1.
1174 1222 1227 1311 12).

171 1430 283 1491 nomm
306 1431 393 1476 cunr
412 1411 632 1499 (acerrume)
647 1435 655 1492 ;
672 1434 704 1477 a.
722 1433 755 1478 u.
773 1433 799 1478 o.
817 1429 935 1493 711313.
953 1434 980 1479 c.
996 1432 1051 1493 433
1072 1435 1149 1480 enr.
1166 1434 1226 1480 cto.
1244 1432 1286 1481 aa.

177 1599 264 1650 Cicero
274 1604 377 1651 excuset
388 1616 414 1650 se
426 1600 505 1650 Bruto
516 1601 583 1666 quod
599 1599 686 1651 matris
697 1599 751 1650 eius
768 1607 795 1651 et
810 1601 901 1653 sororis
916 1601 1031 1666 precibus
1048 1603 1079 1652 de
1095 1601 1181 1652 liberis
1194 1601 1234 1652 Μ.
1246 1599 1337 1665 Lepidi

126 1679 206 1731 hostis
224 1696 240 1731 e
257 1687 346 1732 senatu
363 1681 476 1744 iudicati,
494 1681 648 1746 excipiendis
664 1681 807 1733 satisfacere
823 1698 875 1733 non
890 1689 982 1748 posset.
1017 1684 1057 1734 De
1072 1682 1183 1735 Antistio
1198 1681 1335 1734 liberaliter

126 1763 259 1826 promittit,
273 1769 299 1815 et
309 1764 398 1828 ipsum,
413 1763 480 1815 utin
491 1763 593 1814 Italiam
603 1763 695 1825 veniat,
708 1763 831 1815 hortatur.

545 1929 677 1985 CICERO
695 1929 818 1986 BRUTO
837 1930 916 1985 SAL.

193 2102 223 2167 1.
248 2100 322 2167 Etsi
359 2103 495 2167 daturus
525 2125 613 2168 erem
643 2100 817 2169 Messallae
847 2101 987 2169 Corvino
1013 2103 1167 2170 continuo
1196 2103 1334 2184 litterae,

126 2209 237 2271 temen
261 2204 416 2272 Veterem
442 2210 589 2270 nostrum
619 2205 661 2270 ad
685 2208 719 2270 te
743 2204 813 2271 sine
838 2205 956 2271 litteris
980 2206 1062 2272 meis
1090 2206 1202 2272 venire
1231 2206 1334 2272 nolui.

126 2307 274 2372 Maximo
302 2308 338 2373 in
365 2308 551 2374 discrimine
574 2329 627 2373 res
652 2307 793 2394 publica,
821 2306 936 2387 Brute,
962 2313 1109 2375 versatur
1132 2309 1336 2395 victoresque

127 2434 239 2476 rursus
255 2413 418 2477 decertare
434 2411 599 2496 cogimur:
624 2410 659 2476 id
674 2411 791 2477 eccidit
806 2411 856 2477 M.
872 2411 991 2498 Lepidi
1007 2412 1123 2479 scelere
1135 2420 1167 2479 et
1182 2414 1336 2480 amentia.

127 2513 201 2587 Quo
215 2521 360 2601 tempore
375 2538 448 2581 cum
463 2513 569 2580 multe
592 2520 725 2602 propter
739 2536 811 2580 eam
832 2538 953 2595 curam,
970 2538 1069 2602 quam
1083 2539 1142 2603 pro
1157 2515 1336 2602 republica

126 2618 263 2704 suscepi,
291 2618 436 2704 graviter
461 2619 589 2699 ferrem,
614 2622 687 2684 tum
714 2617 799 2683 nihil
821 2619 885 2685 tuli
909 2619 1042 2705 gratim
1068 2642 1167 2704 quam
1190 2641 1243 2685 me
1268 2642 1335 2685 non

126 2741 218 2804 posse
241 2720 355 2783 matris
382 2723 459 2784 tuae
482 2717 631 2803 precibus
656 2719 778 2798 cedere,
805 2741 873 2784 non
899 2719 1026 2798 sororis,
1049 2740 1126 2784 nam
1152 2718 1224 2799 tibi,
1248 2720 1336 2804 quod

126 2821 209 2887 mihi
223 2821 358 2908 plurimi
378 2826 437 2901 est,
458 2821 554 2886 facile
576 2844 628 2887 me
646 2822 888 2888 satisfacturum
909 2820 1111 2901 arbitrabar3
1136 2821 1227 2888 nullo
1247 2822 1336 2890 enim

126 2928 222 2992 modo
253 2929 379 3011 poterat
409 2948 505 2992 causa
534 2925 654 3012 Lepidi
684 2926 845 3012 distingui
875 2925 916 2992 eb
945 2924 1094 2992 Antonio
1124 2925 1337 3011 omniumque

126 3030 246 3096 iudicio
258 3030 356 3095 etiam
367 3030 478 3095 dmior
493 3035 572 3108 erat,
584 3031 672 3116 quod
686 3052 759 3096 cum
770 3029 947 3096 honoribus
961 3029 1170 3116 amplissimis
1184 3050 1204 3094 a
1219 3032 1336 3096 senetu

127 3139 210 3200 esset
234 3133 380 3220 Lepidus
403 3139 546 3212 ornatus,
567 3138 640 3200 tum
665 3134 765 3200 etiam
785 3135 896 3220 paucis
916 3137 992 3199 ente
1016 3133 1129 3200 diebus
1154 3133 1337 3220 praeclaras

128 3346 194 3395 lrom
211 3362 267 3409 you,
288 3347 401 3396 whether
420 3363 453 3398 on
472 3347 569 3410 private
587 3347 704 3411 grounds,
756 3347 841 3412 public
852 3363 923 3398 enem
950 3363 956 3396 :
978 3362 1016 3410 cp.
1032 3345 1044 3408 t
1059 3345 1238 3407 1,nu1eeec0
1250 3350 1334 3407 pote·

129 3411 233 3461 because
245 3427 296 3476 you
306 3428 347 3461 are
360 3411 454 3473 Cicero,
467 3428 482 3461 a
493 3413 558 3463 close
568 3411 659 3470 friend,
669 3428 705 3472 or,
756 3419 806 3462 rat
825 3429 896 3461 cauea
943 3414 999 3474 piati
1019 3413 1137 3474 distinqui
1157 3410 1186 3458 ab
1203 3411 1313 3460 Antonio
1320 3424 1333 3470 ,⁸

128 3478 225 3538 private
242 3476 434 3526 consideratione
446 3485 525 3539 apert,
540 3478 644 3527 because
654 3493 706 3541 you
756 3479 805 3527 and
815 3477 901 3528 before
912 3481 969 3538 913,
983 3475 1084 3526 written
1092 3492 1124 3526 on
1135 3474 1151 3524 J
1154 3474 1198 3539 uly
1211 3478 1249 3525 ll.

129 3556 171 3590 are
190 3556 206 3590 a
225 3557 282 3589 men
304 3542 332 3590 oi
350 3543 464 3591 consular
480 3541 606 3604 position,’
630 3542 707 3591 i.e.a
789 3544 828 3592 M.
839 3543 925 3609 Lepidi
936 3544 1019 3590 scetere
1029 3547 1052 3589 et
1063 3538 1180 3605 amentia]
1201 3537 1334 3601 chutil.

129 3605 213 3669 public
236 3621 301 3665 man,
324 3607 381 3655 who
399 3608 443 3655 has
466 3607 575 3656 attaincd
597 3611 623 3655 to
644 3606 708 3670 high
757 3606 921 3657 Namatianus
933 3610 989 3655 999.
1008 3607 1056 3654 Itte
1065 3612 1142 3653 tamen
1153 3605 1255 3664 Lepidus
1263 3605 1331 3665 peter

129 3670 238 3733 position
259 3671 287 3718 in
308 3670 352 3720 the
379 3676 450 3732 etate,
477 3671 527 3721 and
548 3671 708 3735 accordingly
756 3672 866 3721 civilibus
890 3673 965 3720 emis
991 3672 1037 3728 Qui
1063 3672 1137 3730 percit
1163 3671 1232 3717 eeeiie
1256 3668 1334 3728 impia

129 3734 246 3798 oughtto
260 3735 352 3784 havee
367 3736 431 3784 calm
444 3735 550 3801 judiciel
563 3735 641 3797 mind,
657 3737 707 3785 end
757 3736 818 3784 belle
845 3737 931 3797 tribur,
963 3735 1009 3791 cm·
1038 3735 1169 3782 libertatem
1197 3732 1337 3780 Mutineeei

130 3807 175 3849 not
185 3816 232 3849 one
243 3800 344 3862 capable
355 3800 382 3849 of
393 3800 467 3865 being
478 3800 578 3850 hurried
589 3816 661 3865 away
672 3800 707 3865 by
757 3802 839 3850 Marte
848 3807 963 3862 receptam
972 3800 1057 3849 Oderit
1064 3799 1165 3846 auxiliis
1174 3796 1227 3845 orbe
1230 3800 1334 3857 pavescis

129 3863 235 3928 feelings
247 3864 273 3914 oi
284 3881 397 3929 revenge.
756 3868 832 3914 nocie.

789 3928 890 3995 cereris]
924 3928 983 3978 wile
994 3927 1022 3977 of
1033 3925 1151 3991 Lepidus.

164 4000 186 4043 1.
210 3993 327 4059 Veterem]
363 3994 448 4043 Cicero
459 3993 598 4044 mucthave
606 3993 707 4044 learned
790 3996 819 4042 ab
829 3993 951 4059 Antonio]
969 4009 1001 4042 an
1008 3993 1120 4042 instance
1128 3990 1156 4040 ef
1166 3989 1209 4040 the
1216 3989 1333 4054 ordinary

129 4058 193 4109 later
200 4059 262 4108 than
270 4060 313 4108 the
325 4059 385 4109 time
396 4059 468 4108 when
475 4059 507 4108 he
516 4065 593 4108 wrote
604 4059 704 4109 cotun.
757 4062 902 4120 comparatio
911 4061 1099 4118 compendiaria:
1113 4072 1152 4118 cp.
1159 4058 1237 4117 864,2
1248 4055 1332 4120 (liter-

128 4124 185 4173 that
202 4124 281 4174 Vetus
302 4141 352 4173 was
367 4129 410 4173 not
430 4124 505 4188 going
524 4131 550 4173 tc
568 4124 662 4173 Brutus
680 4139 707 4173 aa
757 4124 890 4186 ctoritur);
909 4126 966 4183 866,
980 4128 993 4172 4
1007 4124 1069 4184 (cum
1080 4122 1201 4184 quotibet).
1249 4182 1256 4194 .

130 4189 464 4252 soonachehsdexpected;
477 4187 707 4252 mostprobablyhe
789 4187 886 4254 duria]
915 4187 1134 4250 ‘morefflgrant'
1154 4189 1237 4235 ‘more
1247 4198 1332 4245 rmpu·

130 4254 230 4304 learned
246 4254 267 4303 it
283 4255 349 4303 atter
364 4255 397 4303 hs
412 4253 574 4303 hadwn'tten
588 4256 644 4314 897,
657 4253 707 4302 and
757 4253 835 4303 dant!
879 4253 1013 4317 Generatly
1031 4250 1093 4302 used
1111 4250 1173 4300 with
1192 4267 1217 4300 ce
1235 4248 1262 4298 in
1280 4247 1334 4298 thie

130 4319 706 4383 thencentthatlettcrbyanotharmcssengcr.
758 4334 844 4369 sense:
861 4334 900 4381 cp.
913 4318 962 4366 Pro
974 4317 1061 4374 Quint.
1075 4317 1116 4369 tt.

130 4384 192 4434 This
198 4383 273 4434 letter
281 4401 330 4433 was
342 4384 443 4434 written
451 4385 514 4433 later
521 4382 583 4433 than
592 4382 659 4432 June
666 4385 706 4443 30,
786 4385 928 4444 praeclarae
945 4381 1051 4447 litterae]
1085 4378 1211 4443 Probably
1229 4393 1245 4428 a
1260 4377 1334 4428 letter

130 4450 175 4500 the
185 4449 235 4514 day
246 4465 279 4499 on
290 4448 373 4498 which
384 4448 493 4513 Lepidus
505 4463 557 4498 was
570 4447 709 4498 daclareda
758 4453 785 4498 tc
800 4448 845 4499 the
861 4453 946 4499 senate
961 4448 991 4498 oi
1003 4447 1047 4498 the
1062 4461 1130 4498 same
1147 4455 1217 4495 tenor
1230 4459 1258 4494 as
1274 4444 1335 4505 869,
