3022 5444
356 413 656 481 FRAGMENTA
683 413 1041 482 EPISTOLARUM.
1239 412 1305 479 297

148 597 171 644 9.
189 594 331 657 Involvere,
343 597 479 662 implicare.
514 598 551 648 11.
565 598 664 650 Tullius
672 599 704 651 sd
715 598 846 651 Gaesarem
855 600 978 651 iuniorem
989 599 1034 650 lib.
1046 599 1086 650 1.:

146 691 229 864 3{gd
245 697 332 886 qupd
343 697 487 763 viderem
503 699 635 764 nomine
644 699 733 786 paois
747 698 870 765 bellum
885 700 1070 765 involutum
1085 697 1164 765 fora.
1199 696 1307 784 (Idem

97 819 129 884 p.
211 801 288 880 ,19.

149 955 188 1002 to.
208 952 299 1016 Opinio
310 959 348 1004 est
358 954 432 1005 tama.
466 954 504 1005 M.
518 954 618 1005 Tullius
628 955 661 1006 ad
671 955 800 1006 Caesarem
811 955 932 1007 iuniorem
943 955 988 1007 lib.
1003 954 1026 1005 1.
1036 972 1042 1005 :

98 1155 139 1219 13
162 1049 246 1116 Erat
266 1052 375 1138 opinio
403 1051 489 1119 bona
503 1054 544 1120 de
560 1053 693 1134 Planco,
708 1052 794 1122 bona
813 1057 853 1122 de
871 1054 1010 1141 Lepido.
1057 1055 1164 1139 (Idem
1179 1077 1211 1141 p.
1230 1055 1305 1136 156,

142 1157 165 1239 ·)

147 1293 186 1342 11.
204 1290 340 1356 Pmeetars,
353 1293 480 1345 exhibere.
514 1294 552 1345 11.
565 1294 666 1346 Tullius
676 1296 708 1346 ad
719 1295 849 1347 Gaesarem
859 1296 982 1347 iuniorem
992 1296 1038 1347 lib.
1051 1295 1074 1348 1.
1085 1312 1091 1346 :

161 1389 214 1457 Tu
230 1392 259 1458 si
273 1415 379 1459 meam
394 1394 493 1461 fldem
511 1394 720 1482 praestiteris,
736 1397 823 1483 quod
846 1397 971 1463 oonfldo
993 1401 1027 1462 te
1047 1418 1113 1462 esse
1129 1395 1303 1462 facturum.

102 1492 209 1578 (Idem
223 1517 255 1582 p.
272 1497 348 1578 371,
364 1498 410 1583 7.)

148 1651 185 1698 12.
204 1648 322 1701 Relatum
334 1651 450 1720 [dicitur]
462 1653 595 1717 perlatum,
608 1653 703 1704 dicmur
714 1651 777 1704 stt.
791 1652 876 1704 Tullio
886 1654 918 1704 ad
930 1652 1061 1704 Caesarum
1070 1650 1193 1703 iuniorem
1204 1650 1250 1701 lib.
1264 1650 1305 1701 1.:

148 1760 228 1931 31)ῧά
247 1762 326 1830 haec
344 1765 538 1846 videbimus,
567 1789 640 1833 oum
663 1765 766 1855 legati
790 1788 943 1854 responsa
968 1763 1148 1832 retulerint.
1196 1761 1305 1850 (Idem

98 1887 132 1951 P·
213 1869 306 1952 ‚29.)

148 2022 189 2069 1³.
208 2019 339 2084 Spurcum,
354 2021 496 2082 vehemens,
506 2039 629 2087 asperum.
664 2022 701 2073 Μ.
715 2023 814 2074 Tullius
826 2026 858 2075 ad
869 2024 999 2075 Gaesarem
1009 2023 1131 2074 iuniorem
1141 2020 1187 2073 lib.
1200 2021 1225 2072 1.
1236 2039 1243 2073 t

164 2117 249 2184 (lum
269 2120 331 2185 iter
351 2121 490 2187 facerem
508 2124 551 2187 ad
575 2122 732 2208 Aquilam
753 2123 940 2190 Claternam
956 2127 1146 2210 tempestate
1165 2122 1305 2209 spureis-

100 2221 190 2286 sima.
240 2221 348 2305 (Idem
362 2247 395 2308 p.
412 2225 486 2306 394,
503 2226 549 2308 7.)

147 2378 186 2423 14.
204 2372 346 2437 Vindicate,
360 2391 484 2428 revocare.
518 2378 556 2428 M.
570 2377 670 2429 Tullius
680 2378 713 2430 ad
724 2379 854 2431 Gaesarem
864 2379 986 2431 iuniorem
996 2380 1042 2430 lib.
1054 2378 1078 2429 1.
1091 2395 1097 2429 :

163 2473 231 2547 Qui
246 2476 273 2540 si
287 2475 372 2540 nihil
393 2477 435 2540 ad
450 2477 484 2540 id
499 2476 691 2543 beneficium
714 2480 857 2559 adderes,
874 2501 939 2563 quo
957 2500 1015 2564 por
1031 2484 1064 2543 te
1079 2500 1132 2544 me
1147 2499 1303 2544 unacum

99 2599 134 2643 ra
150 2576 282 2662 publica
295 2578 331 2643 in
345 2578 530 2645 libertatem
546 2580 801 2648 vindicationem.
850 2580 959 2668 (Idem
972 2604 1005 2667 p.
1022 2583 1097 2660 419,
1116 2581 1181 2665 13.)

146 2713 185 2761 lb.
204 2710 337 2777 Ignoscere
352 2717 379 2763 et
394 2714 527 2764 concedere
543 2715 749 2781 quemadmodum
765 2716 832 2766 inter
847 2731 874 2766 se
890 2716 992 2777 distent,
1004 2713 1085 2780 aperit
1100 2714 1138 2765 ld.
1156 2713 1256 2766 Tullius
1271 2715 1304 2765 sd

100 2791 229 2844 Gaesarem
239 2793 362 2844 iuniorem
371 2792 416 2844 lib.
430 2795 455 2844 1.
466 2812 473 2845 z

164 2892 262 2965 Quod
284 2891 365 2958 mihi
389 2897 422 2959 et
440 2892 594 2981 Philippo
617 2896 817 2962 vaoationem
842 2897 910 2977 das,
931 2896 982 2962 bis
999 2896 1145 2983 gaudeo:
1169 2917 1247 2960 nam
1269 2900 1303 2962 et

100 2996 280 3082 praeteritis
295 2996 434 3082 ignoscis
449 3002 482 3062 et
496 2998 644 3064 concedis
658 2998 780 3065 futura.
830 2999 938 3087 (Idem
953 3023 986 3086 p.
1002 3000 1078 3080 436,
1097 3000 1163 3084 17.)

130 3210 153 3256 9.
171 3204 316 3272 insolutum]
351 3205 432 3255 Rueta
445 3205 478 3270 (p.
492 3206 535 3270 42)
548 3221 674 3270 compares
724 3207 962 3258 asolmostcartain.
997 3207 1048 3258 For
1060 3206 1160 3273 Aquila,
1174 3223 1213 3270 op.
1227 3207 1301 3257 Brut.

98 3271 675 3335 11111111.19,ηιοεφορασοωωιοκᾱμαοῑε
725 3271 743 3321 i.
761 3274 923 3337 11,8(914);
944 3273 1015 3322 Fam.
1028 3275 1063 3323 xi.
1078 3277 1117 3334 13,
1136 3280 1149 3322 l
1168 3273 1245 3338 (819),
1257 3272 1306 3324 and

98 3341 191 3387 nomine
202 3337 285 3385 tellum
296 3338 575 3397 involutumresormido.
725 3335 792 3386 Phil.
806 3336 841 3386 xi.
857 3342 895 3397 14,
908 3337 962 3387 xiii.
975 3340 1015 3389 27.

132 3406 171 3450 10.
188 3399 292 3466 septos]
327 3400 381 3450 Tha
397 3401 460 3464 good
477 3399 581 3464 opinion
592 3399 675 3450 which
760 3402 907 3469 Claternam]
940 3418 979 3466 cp.
998 3401 1069 3451 Fam.
1087 3402 1133 3452 xii.
1150 3403 1173 3462 5,
1191 3405 1205 3451 2
1224 3403 1302 3467 (821),

98 3465 141 3516 the
149 3465 360 3528 senatorialparty
368 3464 522 3515 entertained
530 3468 558 3516 of
565 3465 676 3529 Lepidus
725 3474 779 3515 erat
797 3473 876 3516 atatem
896 3469 1021 3517 Olutssssos
1039 3475 1119 3515 noster
1137 3469 1248 3527 Hirtius,
1272 3471 1305 3517 ad

97 3537 125 3582 at
141 3531 184 3581 the
201 3529 339 3595 beginning
358 3529 385 3579 of
406 3531 449 3582 711
472 3531 534 3593 (43),
555 3547 595 3594 ep.
614 3529 674 3581 Dio.
725 3533 815 3580 Fortem
833 3533 966 3581 Oorsrelium
984 3533 1078 3581 Caesar.
1112 3530 1140 3579 It
1150 3548 1201 3581 was
1218 3548 1249 3581 on
1260 3532 1305 3583 tho

97 3596 159 3645 xlvi.
177 3598 223 3657 29;
243 3596 312 3644 Fam.
331 3612 358 3643 1.
372 3597 412 3656 93,
431 3597 442 3642 1
462 3598 541 3658 (890),
558 3611 610 3644 was
625 3595 673 3644 im·
725 3594 774 3645 Via
791 3595 906 3657 Aemilia,
920 3596 1034 3646 between
1050 3595 1144 3645 Forum
1161 3594 1305 3646 Cornelium

98 3661 183 3775 praised
196 3659 223 3708 in
240 3658 342 3709 March:
362 3675 401 3722 cp.
421 3659 492 3710 Fam.
504 3677 531 3709 x.
544 3662 575 3711 27
590 3662 675 3723 (827);
725 3661 775 3710 and
786 3660 907 3710 Bononia.

120 3725 166 3774 hil.
178 3723 232 3773 xiii.
248 3727 340 3773 13-15.
756 3725 925 3791 spurcissima]
977 3728 1060 3774 ‘most
1086 3722 1143 3773 foul
1170 3723 1300 3774 westher)

132 3790 257 3851 ltstdsm
280 3788 446 3853 praestiteris]
495 3804 534 3852 cp.
563 3797 622 3839 nota
648 3792 675 3840 to
724 3791 815 3840 Foedus
833 3790 855 3840 is
872 3790 942 3840 often
959 3789 1021 3839 used
1040 3789 1067 3838 in
1085 3788 1137 3838 this
1156 3788 1304 3851 connexion,
1365 3824 1370 3833 .

99 3854 173 3919 Frag.
186 3853 241 3902 ΙΙΙ.
255 3856 269 3901 2
283 3856 324 3916 (ex
334 3853 398 3903 libro
408 3853 521 3917 incerto).
724 3854 782 3904 Liv.
795 3871 855 3904 xxv.
870 3857 894 3915 7,
906 3858 930 3906 7.

133 3923 171 3969 12.
189 3916 292 3983 dicitur]
325 3933 374 3968 om.
388 3916 529 3974 Quicherat.
760 3922 799 3967 14.
817 3918 1009 3984 uindicouissem]
1029 3920 1305 3967 ·eassentor-souissssst

131 3983 216 4049 legati]
251 3982 304 4032 The
321 3982 497 4041 ambassadors,
515 3988 571 4033 sent
586 3982 676 4048 bytho
727 3983 847 4047 isgiven
867 3986 901 4048 by
918 3984 961 4034 tha
978 3997 1034 4033 uss.
1076 3982 1138 4033 'l'his
1159 3982 1233 4033 letter
1253 3998 1305 4033 was

99 4055 183 4099 senate
211 4054 236 4096 to
263 4048 376 4111 Antony‚
406 4063 470 4096 were
497 4049 585 4098 absent
612 4049 675 4098 from
725 4048 846 4124 probably
858 4048 957 4098 written
968 4048 1034 4099 after
1045 4047 1182 4098 December
1194 4049 1241 4096 20:
1261 4063 1302 4111 ap.

98 4113 275 4176 anuurybto
288 4112 416 4176 February
428 4115 451 4160 2.
726 4113 792 4162 Phil.
816 4113 854 4163 iri.
878 4115 918 4174 28,
942 4117 969 4162 in
993 4116 1159 4175 possessionem
1184 4113 1305 4162 libertatis

132 4182 170 4228 13.
181 4175 302 4243 facerem]
347 4176 409 4227 This
430 4176 498 4226 word
518 4175 600 4226 shows
620 4176 677 4228 that
721 4180 806 4241 pedem
814 4180 940 4239 pessimun
959 4177 1089 4227 Famxii.
1103 4180 1142 4239 24,
1157 4180 1172 4226 2
1185 4177 1262 4241 (817),
1276 4179 1304 4226 iss

97 4243 141 4294 the
162 4243 287 4306 fragment
308 4241 410 4306 belongs
431 4248 457 4291 to
479 4257 495 4291 a
518 4241 592 4292 letter
606 4241 676 4303 from
725 4259 789 4305 spem
802 4243 920 4292 libertatis
931 4246 1049 4307 ingressus
1060 4260 1112 4292 sum
1130 4279 1137 4292 .
1160 4278 1167 4291 .
1188 4277 1195 4291 .
1206 4241 1304 4303 sundo-

99 4308 229 4360 Octnvian.
725 4311 943 4369 mentaiecirsip.

131 4370 263 4438 Aquilam]
290 4371 323 4423 So
335 4370 429 4422 Gurlitt
442 4372 475 4435 (p.
486 4371 525 4433 12)
537 4371 578 4421 ior
589 4371 673 4434 liqui·
761 4375 798 4422 lb.
820 4372 970 4440 Quodisttt]
991 4372 1025 4423 So
1035 4373 1074 4423 ed.
1085 4370 1183 4425 147601
1193 4370 1300 4422 Nonius.

98 4436 305 4490 imoftheuss.
334 4436 383 4489 We
393 4436 469 4500 adopt
478 4436 530 4488 this
540 4436 675 4489 correction
726 4436 839 4489 Tharsos
853 4438 912 4504 gire
928 4454 987 4503 quo:
1005 4437 1084 4488 Halm
1099 4438 1149 4489 and
1162 4436 1195 4488 L.
1207 4435 1303 4488 Miillar
