3022 5444
462 360 709 427 nocturn.
735 363 851 445 (arr.
874 363 978 429 xri.
1002 365 1047 447 s).
1319 364 1364 430 aa

149 547 183 610 2.
207 545 306 618 Quod
322 546 403 611 mibi
418 547 531 612 videor
552 562 763 627 tonseoutus3
785 562 908 614 namet
924 548 1155 617 liberalitatem
1169 570 1313 618 nostram
1328 564 1361 619 et

150 654 299 719 animum
314 662 388 718 sunt
405 653 542 738 extorti.
587 652 672 719 Cum
687 655 833 720 emnium
848 654 1099 722 bellioteieeimis
1117 657 1242 724 bellum
1256 660 1363 745 gesaeh

149 756 256 821 multa
279 756 412 821 castella
438 757 520 841 eepi,
548 757 653 821 multa
679 760 822 824 vastati:
846 781 913 824 non
938 761 1009 825 eine
1028 782 1124 826 eausa
1147 762 1190 827 ad
1210 774 1361 828 sertatum

149 859 276 925 litteras
300 859 384 924 misi.
437 861 572 924 Adiuro
596 884 657 925 uos
679 874 738 925 tua
761 862 942 941 sententia3
973 864 1062 949 qnod
1087 886 1162 930 eum
1186 864 1295 935 faciae
1321 888 1363 931 ex

149 985 273 1048 magua
286 973 380 1049 parte
392 964 557 1028 communi
572 966 741 1029 commodo
755 965 951 1031 inservieris.

238 1348 475 1415 Dccxctn.
521 1349 692 1417 CICERO
715 1349 775 1417 ΤΟ
797 1349 1000 1418 anticus
1023 1354 1120 1437 (ΛΠ.
1143 1372 1214 1417 avt.
1237 1354 1277 1437 a).

172 1557 338 1616 rtrnon13
363 1559 549 1602 xovnunnn
570 1560 580 1604 t
597 1559 641 1602 on
657 1559 693 1616 23
717 1562 749 1603 a.
766 1559 801 1603 r.
818 1560 846 1603 c.
863 1558 931 1617 :1⁰3
957 1561 986 1604 a.
1003 1563 1031 1603 o.
1048 1562 1101 1619 ⁴⁴3
1127 1560 1201 1605 ann.
1218 1561 1279 1604 our.
1295 1560 1339 1607 aa

200 1722 237 1771 ll.
257 1723 344 1773 Cicero
363 1723 450 1773 scribit
467 1741 494 1773 aa·
512 1724 544 1773 ab
562 1724 701 1775 Octaviano
720 1741 764 1789 per
780 1725 877 1775 litteras
899 1736 924 1775 et
943 1740 988 1789 per
1009 1724 1141 1777 Caecinam
1158 1724 1192 1776 ad
1211 1741 1239 1775 ae
1255 1724 1359 1776 minuta

145 1805 292 1854 oonsnltum
307 1806 369 1870 quid
384 1814 469 1870 ageret
480 1806 504 1855 ei
515 1807 630 1865 suetae,
643 1818 671 1856 ut
684 1806 788 1857 Romam
804 1816 931 1873 paraveram
943 1810 996 1871 ique
1006 1808 1059 1857 rolt
1075 1806 1138 1858 seire
1148 1806 1182 1858 ab
1194 1808 1280 1859 Attieo
1296 1808 1360 1873 quid

146 1885 199 1935 sibi
208 1888 332 1950 agendum
344 1902 398 1937 esse
408 1887 543 1937 existimet.

564 2026 697 2081 CICERO
715 2026 850 2081 at'rlt'o
868 2026 948 2082 saL.

219 2177 248 2237 l.
273 2174 355 2238 Cum
371 2174 470 2239 seiam
486 2195 550 2259 quo
565 2175 618 2240 die
634 2182 790 2241 tenturus
804 2176 876 2256 sim,
892 2176 1011 2242 faoiam
1026 2182 1062 2241 ut
1078 2174 1168 2241 seiae.
1215 2172 1268 2239 Im
1273 2174 1361 2259 qudi-

149 2282 261 2343 menta
281 2277 498 2363 exspectanda
520 2284 606 2356 suut,
623 2301 706 2363 quae
726 2280 883 2366 Anagnia
898 2279 1044 2357 veniunt,
1061 2284 1092 2343 et
1118 2276 1243 2343 familia
1264 2298 1364 2361 aegra

147 2385 210 2445 est.
264 2379 344 2445 Kal.
361 2380 486 2465 vesperi
506 2380 635 2446 litterae
654 2381 737 2447 mihi
759 2381 800 2448 ab
820 2383 1009 2447 Ootat'iauo.
1069 2380 1195 2467 lingua
1216 2378 1361 2445 molitur.

150 2482 341 2564 Veteranos,
369 2485 483 2570 quiqui
508 2484 642 2550 Casilini
674 2491 705 2550 et
737 2485 882 2551 Calatiae
911 2492 998 2563 suut,
1025 2484 1179 2571 pertinxit
1203 2482 1245 2547 ad
1271 2502 1364 2547 suam

151 2588 357 2651 sententiani.
414 2588 485 2653 Neo
507 2588 649 2653 mirum:
674 2587 855 2674 quingenos
873 2588 1023 2653 denarios
1044 2588 1122 2653 dat:
1146 2585 1268 2673 eogitat
1288 2584 1362 2650 teli·

147 2711 232 2775 quas
247 2691 388 2755 oolonias
403 2691 501 2756 obire.
549 2691 651 2757 Plane
665 2691 726 2756 hoo
741 2697 875 2777 spectat,
892 2698 928 2757 ut
944 2714 977 2757 so
993 2691 1074 2756 duos
1087 2688 1212 2756 bellum
1227 2694 1362 2775 geratur

147 2814 226 2857 oum
256 2795 412 2860 Antonio.
459 2794 577 2880 Itaque
605 2797 697 2861 video
727 2795 838 2882 paneis
867 2794 982 2861 diebus
1010 2816 1070 2860 nos
1095 2792 1131 2858 in
1158 2792 1257 2859 armis
1283 2790 1362 2857 lore.

149 2894 260 2966 Quem
286 2904 395 2963 antem
422 2899 623 2984 sequamur?
667 2897 754 2965 Vide
777 2922 905 2978 nomen,
922 2898 996 2966 vide
1015 2901 1164 2965 aetutem.
1209 2894 1322 2983 Atque
1344 2917 1365 2960 a

151 3020 205 3066 me
233 3000 387 3086 postulat,
412 3002 554 3086 primum
581 3008 616 3067 ut
643 3003 727 3068 olant
757 3003 961 3089 oolloquatur
986 3024 1112 3069 meeum
1138 3000 1192 3067 vel
1221 3000 1363 3085 Capuae.

152 3101 283 3169 Puerile
297 3104 357 3170 hoo
373 3105 516 3190 quidem,
530 3106 557 3170 ei
572 3106 607 3171 id
622 3112 717 3192 putat
732 3107 815 3173 elam
831 3107 900 3172 fieri
914 3128 1015 3192 posse.
1045 3103 1152 3171 Dooni
1167 3126 1225 3190 per
1239 3102 1366 3170 litterae

151 3205 186 3270 id
202 3229 262 3271 neo
278 3230 358 3293 opus
373 3231 440 3273 esse
460 3230 519 3273 nee
535 3209 606 3274 fieri
620 3231 723 3295 posse.
768 3211 800 3275 2.
826 3209 919 3275 Misit
938 3209 1047 3275 adme
1063 3207 1235 3273 Caeninum
1252 3228 1363 3293 quom·

151 3312 228 3375 dam
241 3311 506 3392 Volaterranum,
516 3313 712 3379 familiarem
727 3336 832 3392 suum,
845 3314 902 3399 qui
911 3313 990 3379 liaeo
1005 3312 1159 3400 pertulit:
1176 3310 1361 3377 Antonium

186 3501 366 3568 liberalitatem]
400 3501 443 3552 i.o.
463 3502 490 3552 in
508 3502 551 3552 the
570 3502 730 3554 distribution
782 3503 939 3554 abouttbrae
951 3501 1098 3553 milettmm
1109 3500 1196 3552 atrius.

148 3566 276 3643 olbooty.
388 3630 393 3641 Ι
809 3569 913 3630 ‚familia
935 3584 1007 3631 asyro
1024 3566 1086 3681 atq⁸
1108 3566 1193 3644 ‘iltuto
1212 3565 1235 3615 is
1252 3565 1363 3641 siolaus

150 3629 733 3760 ntaetumultuantia
782 3632 1054 3757 utentia„
1069 3628 1362 3759 ..u···‘tt‚tttutiut

151 3759 183 3818 is,
193 3760 317 3810 intention
328 3767 354 3810 to
366 3761 437 3810 multe
448 3762 517 3810 them
529 3761 611 3826 firmly
618 3760 733 3812 attached
784 3762 805 3811 it
816 3762 887 3812 often
898 3778 979 3811 eomes
990 3777 1051 3825 very
1062 3776 1122 3810 near
1133 3760 1176 3809 tho
1192 3760 1267 3809 latter
1277 3774 1361 3809 mum·

152 3831 179 3876 to
190 3825 233 3874 the
245 3834 348 3888 support
358 3828 386 3874 ot'
396 3825 434 3874 liis
445 3826 537 3888 causo).
784 3825 829 3890 ing
840 3826 866 3875 in
877 3825 920 3876 tlte
932 3825 1009 3876 contio
1020 3826 1113 3875 drama.

185 3890 296 3954 castella]
339 3890 476 3954 ‘villagea’
510 3888 616 3940 Watson
638 3890 733 3941 notiees
817 3889 915 3957 quiqui]
960 3889 1022 3939 This
1049 3894 1139 3939 outntot
1166 3887 1197 3937 be
1224 3884 1267 3937 tlte
1295 3884 1365 3951 right

151 3954 209 4004 that
228 3954 279 4003 titis
298 3954 404 4003 wardia
427 3955 567 4005 sometimes
588 3954 688 4031 applied
706 3962 733 4006 to
783 3954 901 4019 reading;
923 3953 1042 4018 probably
1062 3956 1104 4017 qui
1127 3954 1230 4015 quidem,
1254 3968 1281 4002 as
1299 3950 1363 4002 Boot

154 4020 299 4068 nnsortified
310 4020 444 4082 positione:
459 4037 498 4083 op.
509 4020 565 4069 Liv.
579 4022 642 4070 xxii.
658 4024 731 4082 11‚4,
783 4026 905 4084 suggette.

153 4084 239 4146 quibus
250 4087 337 4144 oppila
353 4087 494 4146 castellaque
509 4088 635 4133 instituatis
646 4093 730 4135 tatem.
820 4082 905 4150 Qttetu]
914 4081 963 4133 We
970 4081 1060 4133 should
1069 4082 1132 4132 bave
1139 4080 1258 4145 oxpootetl
1265 4090 1363 4137 uirum

181 4147 273 4214 socies]
308 4149 355 4197 We
367 4149 455 4198 should
468 4150 667 4212 expeotfeceri23
686 4150 732 4201 but
786 4150 830 4199 but
841 4165 908 4212 oua
924 4147 977 4198 still
993 4155 1107 4211 strangnr
1122 4162 1178 4197 caso
1195 4146 1222 4197 oi
1239 4162 1307 4209 quem
1324 4146 1364 4195 tor

153 4213 249 4275 petleot
261 4213 389 4263 striotness
400 4213 427 4262 ot
443 4213 566 4278 leuguago
578 4214 600 4263 is
611 4221 655 4264 not
666 4220 692 4264 to
703 4214 734 4264 be
786 4220 868 4263 utrum
878 4213 905 4263 in
917 4214 972 4266 Aa.
984 4211 1038 4263 xvi.
1054 4216 1092 4275 14,
1108 4215 1119 4261 l
1136 4214 1213 4276 (8⁰5),
1226 4227 1293 4275 quam
1306 4210 1364 4260 tutia

150 4279 274 4340 expected
285 4277 350 4327 froin
364 4278 396 4327 D.
411 4278 512 4329 Brutus.
787 4282 885 4329 nesciae.

820 4359 902 4392 nomen
930 4377 938 4393 .
968 4378 975 4394 .
1006 4378 1012 4391 .
1042 4340 1154 4407 aetatem]
1188 4340 1230 4391 tlte
1250 4356 1321 4389 numo
1338 4340 1368 4389 ot'

192 4411 214 4455 l.
234 4407 364 4473 distortio]
398 4406 488 4471 capital
511 4407 538 4456 of
560 4407 603 4457 the
622 4406 735 4469 llemioi,
788 4407 885 4469 Caesar,
899 4407 942 4458 tho
953 4406 1037 4471 agoot
1047 4407 1163 4457 niuotoeu
1175 4422 1256 4471 years.
