3022 5444
394 430 610 498 nocem
615 433 651 498 V.
676 431 825 514 (BRUT.
849 435 881 500 I.
904 438 970 513 161.
1225 443 1291 509 159

78 622 119 691 oh
135 644 184 702 ea,
200 643 283 707 quae
298 619 405 686 adhuc
420 618 506 697 fecit,
522 618 620 702 plane
635 616 746 704 probo,
763 623 840 686 sunt
855 619 943 686 enim
957 622 1133 704 laudanda,
1149 626 1290 695 simodo

77 724 341 793 contractionem
352 721 543 808 potentiam,
556 743 623 786 non
638 743 697 807 pro
713 743 771 787 sua
794 725 934 809 suscepit
956 747 1010 790 eas
1031 726 1191 810 actiones;
1214 753 1290 797 oum

77 850 154 896 vero
168 826 293 894 iudicas
307 829 438 890 tentum
452 823 503 889 illi
519 846 585 890 non
600 825 698 890 modo
713 824 819 906 licere,
831 828 888 893 sed
902 829 1002 894 etiam
1017 850 1037 894 a
1051 833 1085 895 te
1099 832 1169 917 ipso
1184 832 1288 899 tribu·

77 933 199 999 endum
225 952 304 1009 esse,
320 931 358 993 ut
383 927 550 1014 rogandus
576 927 629 1007 sit,
653 949 695 993 ne
719 928 803 994 nolit
832 951 900 997 esse
926 952 985 997 nos
1009 933 1124 1014 salvos,
1147 935 1289 1003 nimium

76 1056 234 1121 magnam
248 1032 428 1098 mercedem
449 1031 643 1096 statuis-id
662 1029 750 1097 enim
771 1031 879 1118 ipsum
902 1033 952 1098 illi
971 1034 1112 1119 largiris,
1128 1039 1216 1122 quod
1231 1061 1289 1124 per

75 1139 171 1206 illum
191 1136 309 1203 habere
329 1133 501 1200 videbatur
521 1155 573 1199 res
596 1132 780 1219 publica-,
796 1157 901 1221 neque
921 1136 981 1201 hoa
1000 1136 1062 1204 tibi
1084 1139 1120 1204 in
1144 1146 1289 1208 mentem

75 1242 178 1321 venit,
201 1240 229 1306 si
251 1237 405 1306 Octavius
433 1237 500 1302 illis
530 1237 651 1323 dignus
674 1235 717 1302 sit
740 1236 926 1318 honoribus,
949 1240 1027 1325 quia
1047 1263 1122 1308 oum
1139 1243 1293 1310 Antonio

75 1344 199 1412 bellum
222 1348 326 1430 gerat,
357 1341 399 1407 iis
424 1340 481 1425 qui
507 1339 591 1404 illud
624 1339 750 1405 malum
776 1341 965 1423 exciderint,
990 1344 1081 1410 cuius
1107 1346 1190 1412 istae
1212 1348 1287 1413 reli·

75 1447 172 1536 quiae
194 1450 281 1526 sunt,
297 1443 392 1523 nihil,
409 1465 473 1528 quo
496 1442 619 1525 expleri
640 1442 743 1528 possit
766 1465 878 1510 eorum
901 1445 1065 1526 meritum,
1085 1448 1289 1517 tributurum

74 1572 231 1636 umquam
247 1548 405 1634 populum
421 1546 619 1622 Romanum,
635 1545 663 1612 ei
678 1545 789 1612 omnia
811 1547 909 1612 simul
930 1550 1135 1634 congesserit.
1182 1553 1212 1616 8.
1237 1552 1294 1619 Ao

75 1654 160 1733 vide,
192 1657 314 1739 quanto
345 1649 536 1736 diligentius
565 1648 713 1715 homines
742 1653 903 1730 metuant,
926 1673 1025 1736 quam
1054 1653 1286 1721 meminerint:

77 1757 155 1843 quia
169 1755 337 1822 Antonius
351 1753 434 1820 vivit
449 1758 547 1838 atque
562 1753 598 1818 in
613 1752 713 1818 armis
727 1756 786 1833 est,
802 1752 842 1817 de
858 1751 996 1819 Caesare
1011 1777 1098 1834 vero,
1115 1757 1203 1842 quod
1217 1756 1290 1824 fleri

76 1859 185 1946 potuit
201 1881 237 1924 ac
252 1856 376 1936 debuit,
392 1861 591 1922 transactum
614 1859 662 1922 est
684 1877 790 1942 neque
812 1855 879 1921 iam
900 1858 1044 1923 revocari
1065 1858 1101 1923 in
1120 1859 1290 1946 integrum

76 1966 193 2049 potest,
211 1960 365 2027 Octavius
381 1959 409 2024 is
424 1963 483 2038 est,
501 1958 559 2043 qui
575 1959 655 2044 quid
671 1959 711 2024 de
733 1957 827 2024 nobis
849 1959 1053 2026 indicaturus
1067 1961 1110 2028 sit
1124 1967 1288 2049 exspectet

76 2065 218 2152 populus
244 2063 424 2142 Romanus,
441 2084 500 2127 noa
527 2061 552 2126 ii
577 2084 699 2142 sumus,
722 2062 764 2127 de
788 2084 926 2147 quorum
950 2063 1055 2130 salute
1080 2087 1166 2132 unus
1190 2065 1292 2134 homo

76 2169 242 2254 rogandus
257 2167 418 2232 videatur.
463 2165 538 2252 Ego
561 2187 647 2246 vero,
662 2170 701 2232 ut
722 2165 806 2231 istuc
827 2170 981 2246 revertar,
998 2168 1026 2233 is
1047 2190 1131 2250 snm,
1147 2171 1204 2255 qui
1219 2193 1286 2237 non

76 2273 172 2339 modo
202 2293 267 2336 non
299 2269 488 2355 supplicem,
512 2270 569 2334 sed
599 2268 698 2335 etiam
728 2274 892 2335 ooirceam
921 2270 1133 2357 postulantes,
1158 2277 1195 2339 ut
1224 2273 1287 2341 sibi

76 2375 287 2462 supplicetur,
303 2377 360 2438 aut
375 2372 473 2458 longe
495 2394 516 2437 a
537 2370 751 2439 servientibus
773 2370 870 2438 abero
892 2372 1038 2458 mihique
1053 2396 1121 2440 esee
1135 2374 1291 2443 iudicabo

77 2477 229 2557 Romam,
245 2476 441 2560 ubicumque
461 2473 600 2541 liberum
620 2496 689 2541 ease
710 2473 832 2555 licebit,
848 2495 885 2540 ao
900 2475 999 2540 vestri
1014 2475 1197 2557 miserebor,
1213 2480 1286 2564 qui·

76 2581 137 2648 bus
151 2604 210 2646 neo
226 2585 315 2644 aetas
329 2599 434 2662 neque
449 2577 587 2643 honores
605 2600 664 2644 neo
683 2577 788 2644 virtus
808 2577 915 2643 aliena
929 2577 1136 2646 dulcedinem
1152 2581 1286 2648 vivendi

105 2799 169 2866 iilis]
188 2795 405 2848 Sowereadwith
414 2795 560 2859 Lehmann(
581 2796 650 2859 ‚lt-5)
701 2803 786 2860 pentat·
800 2801 901 2845 mnatre
916 2795 938 2844 is
954 2795 1076 2861 certainly
1091 2812 1107 2847 a
1122 2802 1222 2863 strange
1238 2816 1288 2853 cx.

72 2864 190 2914 ioruiits.
218 2863 311 2912 Brutus
321 2861 403 2911 would
413 2860 501 2924 hardly
511 2813 654 2925 implythat
703 2862 824 2924 pressior,
854 2861 900 2910 but
930 2860 984 2936 the·
1001 2860 1119 2926 meaning
1145 2861 1168 2913 is
1196 2864 1282 2927 plain:

74 2928 196 2979 Octavian
215 2927 331 2976 deserved
347 2940 380 2975 no
396 2925 506 2975 honours
528 2932 554 2975 at
572 2925 607 2974 all
625 2925 653 2974 in
704 2925 779 2976 while
787 2926 815 2974 in
826 2925 879 2974 sear
889 2940 947 2975 men
958 2926 1037 2974 drrect
1048 2925 1114 2975 their
1125 2926 1206 2978 whole
1214 2931 1285 2982 mind

74 2999 161 3043 return
184 2993 222 3042 sor
241 2992 281 3041 his
304 2991 429 3053 energetio
451 2990 533 3039 aetion
555 2988 654 3053 against
703 2995 730 3039 to
741 2989 784 3039 the
796 3004 869 3039 cause
880 2990 908 3039 oi
919 2990 962 3039 the
974 2989 1036 3050 iear,
1051 2991 1100 3039 and
1111 2997 1138 3040 to
1148 2991 1191 3042 the
1200 3008 1290 3047 means.

74 3061 193 3123 Antony;
220 3057 248 3105 in
267 3059 323 3118 866,
344 3059 368 3115 4,
389 3054 422 3104 he
439 3070 505 3118 says,
521 3056 655 3115 praedantis
704 3053 892 3117 oiextricating
908 3054 1058 3104 themselves
1072 3054 1138 3104 from
1153 3056 1190 3113 is;
1209 3059 1285 3111 when

71 3138 152 3184 porro,
166 3137 227 3184 ques
243 3121 288 3169 titi
304 3125 417 3181 serperet,
436 3120 505 3167 trulla
521 3118 562 3167 ais
578 3123 600 3166 ts
611 3119 652 3167 ds·
704 3118 747 3168 the
758 3117 846 3168 tearis
861 3119 978 3169 removed
994 3118 1056 3181 they
1071 3118 1108 3169 let
1123 3120 1190 3170 their
1200 3124 1288 3176 minds,

72 3189 254 3236 adoraturnisi
270 3187 351 3234 modus
365 3188 393 3233 in
410 3185 542 3232 tribuendis
554 3183 651 3232 honon-
703 3184 805 3298 {mdis
812 3198 886 3295 lsaway
904 3189 930 3233 to
947 3182 1019 3232 other
1034 3182 1121 3248 things
1137 3187 1187 3235 and
1198 3186 1285 3254 forget

74 3253 125 3301 ias.
733 3247 770 3296 eir
798 3261 887 3309 epora.

105 3319 196 3378 sapisti
215 3353 221 3364 .
242 3353 247 3364 .
269 3352 275 3363 .
294 3312 419 3378 meritum]
455 3311 538 3362 ‘their
559 3313 654 3362 deserte
736 3312 931 3374 quiaAntonius
954 3348 961 3360 .
983 3348 989 3360 .
1009 3347 1016 3361 .
1036 3318 1116 3372 potest
1165 3314 1286 3370 ‘bessum

73 3397 120 3432 can
131 3382 161 3430 be
173 3379 321 3444 adequately
337 3378 530 3441 recompensed.’
565 3375 608 3426 Me
627 3392 654 3426 er
704 3376 806 3439 Antony
817 3374 840 3424 is
850 3375 918 3426 alive
929 3377 978 3425 and
989 3375 1017 3425 in
1032 3377 1076 3426 tha
1087 3378 1119 3428 tie
1131 3379 1154 3440 d,
1168 3380 1244 3433 while
1256 3399 1284 3433 es

74 3445 109 3508 (p.
136 3447 192 3507 154)
216 3461 274 3508 says
295 3445 351 3492 that
373 3443 425 3491 this
447 3458 491 3491 use
512 3442 542 3491 oi
560 3393 654 3501 sepire
703 3441 804 3504 regards
822 3440 920 3498 Caesar,
943 3440 1012 3490 what
1033 3442 1106 3491 could
1126 3445 1175 3493 and
1194 3445 1284 3497 should

73 3515 165 3559 cannot
176 3510 206 3557 be
217 3507 365 3570 paralleled;
384 3509 477 3568 expiere
492 3522 538 3555 can
549 3506 580 3555 be
591 3506 654 3555 used
703 3504 767 3555 have
779 3504 841 3553 been
853 3506 916 3554 done
927 3504 949 3553 is
960 3510 1016 3567 past
1026 3506 1076 3554 and
1087 3522 1154 3564 over,
1163 3511 1213 3560 and
1224 3527 1283 3562 can·

72 3571 253 3635 ofgratifying
269 3587 285 3620 a
301 3572 380 3620 desire
395 3571 543 3634 (odium),or
558 3569 652 3618 oiiul-
703 3573 748 3618 not
765 3583 822 3618 now
839 3569 870 3618 be
886 3570 1004 3618 undans!
1036 3570 1078 3619 No
1094 3579 1166 3621 exact
1181 3576 1284 3636 parallel

73 3635 156 3699 filling
167 3652 181 3684 a
192 3637 255 3698 duty
269 3636 382 3698 (nascaris),
395 3635 441 3684 but
456 3641 500 3684 not
511 3635 539 3684 oi
549 3633 653 3697 making
703 3649 748 3682 can
760 3632 791 3682 ba
802 3633 895 3696 quoted
911 3633 952 3682 lor
970 3636 998 3681 in
1018 3635 1139 3696 inteprtem
1158 3642 1282 3697 revecari:

73 3701 316 3752 asuffieientretum
327 3700 389 3749 fora
401 3698 494 3748 service
532 3698 651 3748 riormed.
704 3698 750 3747 but
760 3696 894 3746 Markland
911 3704 998 3760 quotes
1015 3700 1042 3745 iu
1059 3701 1159 3747 irritum
1177 3706 1283 3751 revocari

74 3766 157 3816 Butii
172 3764 215 3814 the
226 3763 363 3825 metaphor,
377 3762 478 3813 derived
534 3779 560 3812 m
571 3763 653 3826 filling
703 3761 768 3811 from
787 3761 874 3811 Senes.
892 3761 1009 3810 Controv.
1023 3765 1047 3823 4,
1063 3765 1107 3818 a&
1128 3764 1178 3813 and
1194 3765 1284 3831 Meyer

73 3848 105 3881 an
122 3836 208 3894 empty
219 3844 299 3892 space,
319 3844 364 3877 can
381 3828 412 3877 be
428 3827 526 3891 applied
543 3833 579 3888 to,
597 3843 650 3891 say,
703 3832 791 3891 quotes
813 3825 870 3874 Liv.
893 3825 963 3874 xxxi.
986 3828 1025 3883 32,
1046 3841 1099 3874 cum
1116 3832 1283 3893 praecipitata

72 3898 180 3958 officium,
199 3911 236 3955 cp.
256 3894 327 3941 Fam.
346 3893 400 3941 xvi.
421 3894 453 3941 25
471 3894 548 3955 (793),
567 3891 587 3940 it
606 3908 653 3941 can
703 3893 794 3951 raptim
816 3891 915 3938 consilia
937 3905 1010 3951 nepita
1032 3895 1138 3940 revocari
1159 3909 1233 3956 nsque
1255 3899 1282 3945 in

72 3960 125 4010 also
143 3961 174 4008 be
194 3958 291 4021 applied
309 3963 370 4006 toa
393 3956 487 4006 service
508 3955 590 4005 which
611 3957 652 4006 ds·
703 3959 823 4018 integrum
835 3956 933 4002 restitui
942 3956 1045 4014 possint.

73 4026 160 4074 mands
172 4040 186 4072 a
198 4021 307 4086 grateful
323 4029 425 4080 return;
445 4021 494 4070 and
511 4019 554 4068 the
570 4027 650 4068 meta·
735 4023 815 4067 virtus
826 4017 918 4083 atiena]
943 4017 984 4066 ‘it
994 4018 1093 4068 neither
1104 4035 1169 4084 your
1179 4037 1226 4087 ege
1236 4039 1283 4075 nor

72 4089 136 4152 phor
151 4089 172 4136 is
189 4096 232 4135 not
249 4102 316 4135 more
333 4087 407 4134 crude
423 4085 485 4134 than
494 4087 592 4148 flectere
603 4085 652 4133 and
702 4099 766 4147 your
787 4081 953 4142 distinctions,
966 4099 1013 4130 nor
1034 4082 1077 4133 tha
1098 4084 1232 4138 noblensss
1255 4091 1284 4139 of

73 4154 178 4214 diripere
189 4151 288 4214 applied
305 4157 331 4198 to
343 4152 459 4198 iudicium
471 4149 494 4213 (i
509 4149 560 4212 11).
701 4146 785 4197 others
795 4147 840 4195 has
851 4147 914 4196 bean
926 4146 982 4196 able
997 4152 1024 4197 to
1040 4148 1122 4199 lescen
1136 4151 1163 4200 in
1175 4168 1225 4217 you
1237 4153 1281 4204 the

106 4220 131 4266 8.
149 4224 238 4278 quanto
255 4217 413 4276 diligentins.
434 4250 440 4262 .
461 4249 467 4262 .
486 4212 649 4278 mernisssrint]
700 4211 795 4274 ieeling
816 4210 872 4260 that
894 4210 939 4261 life
961 4211 983 4260 is
1004 4212 1100 4262 suaet?
1143 4215 1182 4281 By
1201 4221 1282 4267 sis-ten

73 4281 145 4330 ‘how
157 4280 232 4330 much
244 4295 311 4328 more
327 4280 408 4328 intent
424 4278 503 4327 men's
518 4277 598 4326 minda
609 4293 652 4327 are
702 4280 781 4324 alteria
801 4276 894 4325 Brutus
912 4292 996 4325 means
1016 4277 1059 4327 the
1077 4279 1151 4329 noble
1168 4283 1281 4346 example

72 4347 152 4395 under
168 4346 211 4395 the
228 4345 350 4393 influence
367 4344 395 4393 oi
410 4347 510 4404 present
521 4343 573 4391 sear
589 4343 652 4390 than
702 4340 785 4390 which
796 4340 1015 4404 thetyrannicides
1025 4347 1064 4393 set
1074 4342 1101 4392 in
1112 4344 1281 4411 riskingthsir

71 4411 99 4460 in
118 4412 162 4461 tha
179 4410 288 4472 thought
306 4408 333 4458 oi
351 4408 371 4457 it
391 4408 464 4457 when
481 4408 568 4470 past':
592 4406 651 4454 dili-
702 4404 815 4454 livesior
826 4405 944 4455 freedom.
