3044 5002
195 382 258 448 124
503 383 783 452 DOOOXLVII.
809 382 934 466 (Fen.
958 381 1026 447 XI.
1051 384 1094 464 9).

193 593 234 635 ue
249 570 374 638 inimici
388 573 492 638 nostri
508 571 693 638 oonsulibus
708 571 844 637 sublatis
866 575 996 656 sperent
1019 592 1052 636 se
1073 571 1290 636 eonvalesoere
1305 591 1406 654 posse.

193 672 278 757 Ego,
293 697 335 740 ne
351 675 522 741 consistere
537 674 637 761 possit
653 677 687 740 in
698 675 799 740 Italia
808 675 984 754 Antonius,
1001 675 1085 740 dabo
1097 696 1238 760 oporam.
1284 672 1409 759 Sequar

192 799 268 841 eum
283 778 461 844 confestim.
507 777 696 864 Utrumque
710 799 762 843 me
777 783 1016 863 praestaturum
1031 799 1133 863 spero,
1156 800 1198 842 ne
1220 781 1278 841 aut
1292 775 1409 843 Venti·

194 880 268 945 dius
284 881 433 947 elabatur
448 889 506 947 aut
521 882 689 947 Antonius
705 881 739 946 in
758 881 860 946 Italia
879 885 1033 946 moretur.
1079 881 1121 946 In
1137 880 1251 966 primis
1271 885 1409 965 rogote,

193 982 236 1046 ad
261 981 426 1048 hominem
453 984 724 1064 uentosissimum,
749 983 925 1069 Lepidum,
949 984 1071 1064 mittes,
1096 1006 1137 1050 ne
1163 982 1287 1049 bellum
1316 980 1410 1048 nobis

193 1083 416 1171 redintegrare
442 1087 543 1171 possit
572 1086 720 1152 Antonio
751 1086 813 1151 sibi
843 1087 1025 1154 coniuncto.
1069 1086 1159 1151 Nam
1190 1087 1231 1150 de
1261 1083 1409 1150 Pollione

193 1187 310 1252 Asinio
326 1193 406 1273 puto
429 1193 462 1254 te
485 1188 663 1274 perspicere
683 1189 763 1274 quid
787 1189 931 1255 faeturus
952 1190 1004 1254 sit.
1050 1188 1181 1254 Multae
1205 1193 1237 1252 et
1257 1186 1361 1253 bonae
1376 1193 1409 1252 et

193 1290 306 1356 firmae
320 1296 397 1356 sunt
411 1291 555 1377 legiones
569 1291 689 1378 Lepidi
705 1297 737 1357 et
753 1291 873 1358 Asinii.
928 1293 959 1355 2.
982 1291 1098 1375 Neque
1113 1291 1192 1357 haee
1213 1291 1330 1356 ideireo
1346 1290 1408 1355 tibi

194 1393 309 1471 soribo,
334 1395 420 1481 quod
441 1401 474 1459 te
498 1417 564 1460 non
581 1396 693 1460 eadem
720 1395 977 1461 animadvertere
998 1397 1107 1475 seium,
1129 1396 1185 1460 sed
1211 1395 1298 1480 quod
1325 1392 1408 1458 mihi

193 1497 471 1582 persuasissimum
497 1503 545 1563 est
571 1498 734 1583 Lepidum
757 1502 843 1564 reete
868 1499 1031 1564 fauturum
1061 1520 1250 1583 numquam,
1272 1497 1300 1561 si
1325 1497 1411 1562 forte

194 1598 286 1665 vobis
309 1601 344 1665 id
367 1601 407 1666 de
431 1600 491 1665 hoe
515 1601 651 1666 dubium
678 1608 735 1667 est.
782 1601 941 1667 Plancum
969 1623 1097 1686 quoque
1123 1601 1319 1666 confirmetis
1344 1622 1410 1680 oro,

195 1723 291 1787 quem
315 1725 407 1788 spero
433 1704 526 1787 pulso
553 1705 700 1770 Antonio
726 1703 946 1790 reipublicae
972 1727 1039 1771 non
1061 1705 1262 1771 delaturum.
1320 1701 1356 1768 si
1377 1725 1411 1768 se

196 1807 299 1891 Alpes
324 1807 491 1872 Antonius
510 1807 682 1886 traiecerit,
701 1808 854 1874 constitui
871 1807 1070 1893 praesidium
1093 1813 1128 1872 in
1148 1805 1291 1891 Alpibus
1314 1807 1411 1870 eollo·

197 1930 268 1973 esre
284 1913 316 1974 et
331 1914 364 1975 te
379 1911 419 1974 de
431 1909 521 1975 omni
536 1933 570 1974 re
585 1910 690 1976 faeere
706 1911 885 1977 certiorem.
931 1932 984 1975 111.
1007 1909 1085 1976 Kal.
1104 1910 1221 1987 Maias,
1234 1932 1273 1975 ex
1289 1910 1410 1989 eastris,

197 2011 314 2097 Regio.

228 2189 259 2222 ne
277 2209 283 2222 .
304 2208 310 2222 .
330 2209 336 2223 .
355 2172 491 2239 Antonius]
525 2174 596 2225 ‘that
606 2174 731 2225 Antonius
742 2175 774 2225 be
826 2178 849 2238 1,
869 2179 884 2225 2
904 2175 981 2240 (456),
999 2178 1047 2224 etsi
1064 2191 1112 2224 nors
1130 2176 1217 2224 idcireo
1237 2190 1316 2223 eorum
1336 2191 1406 2223 usiam

197 2237 533 2301 notebleiokeepslootin
563 2239 589 2288 in
602 2238 690 2304 Italy.'
823 2243 961 2289 dimiseram
985 2243 1056 2302 quod
1071 2243 1105 2288 eis
1126 2255 1279 2289 succenserent
1294 2241 1335 2288 sed
1351 2241 1414 2302 quod

225 2309 410 2364 praestaturum
512 2319 541 2353 ne
609 2305 725 2355 ‘sueoeed
746 2304 773 2354 in
825 2321 907 2355 eorum
927 2321 963 2354 me
978 2307 1139 2367 subpudcbsi.
1174 2304 1228 2354 The
1243 2304 1314 2354 stoolr
1330 2320 1371 2354 ex.
1390 2308 1412 2353 is

197 2366 361 2430 hindering':
381 2383 419 2430 op.
433 2370 490 2430 901,
504 2372 528 2416 4.
832 2369 908 2420 Tuso.
920 2369 949 2419 ii.
963 2372 1011 2419 56:
1030 2386 1069 2433 op.
1083 2370 1165 2433 Roby,
1181 2371 1252 2420 1745.

238 2431 377 2497 Ventidius]
422 2431 464 2482 He
498 2448 549 2482 was
580 2433 681 2497 leading
711 2432 782 2482 three
860 2433 1087 2501 persuasissimum]
1129 2450 1167 2496 op.
1180 2434 1278 2483 Colum.
1291 2431 1334 2481 xii.
1349 2433 1406 2493 1‚5,

201 2498 298 2560 legions
316 2497 384 2546 from
403 2497 522 2547 Picenum
542 2503 569 2547 to
586 2499 697 2562 Antony.
739 2496 782 2547 He
832 2514 859 2547 ec
873 2514 948 2560 porro
966 2501 1177 2560 persuasissimum
1199 2498 1284 2546 habere
1302 2497 1411 2546 debelii:

201 2561 348 2612 afterwards
364 2562 451 2626 joined
473 2563 526 2611 him
545 2568 572 2612 at
590 2563 660 2612 Vada
679 2561 782 2613 Sabatia
833 2563 902 2613 Suet.
926 2563 994 2614 Nero
1016 2567 1057 2624 29,
1081 2565 1182 2625 comperi
1200 2565 1411 2624 persuasissimum

202 2627 269 2691 (884,
284 2627 318 2689 8).
832 2629 942 2677 habuisse
952 2644 1013 2677 eum.

233 2689 435 2756 cessississimum]
486 2691 560 2742 ‘that
586 2689 777 2741 westhereoolr'
864 2694 962 2755 risorie
982 2729 988 2742 .
1008 2730 1014 2742 .
1036 2691 1109 2754 ,esi]
1154 2689 1406 2766 ‘ifperohaneeyou

202 2755 308 2869 gnane).
343 2755 393 2805 For
410 2761 517 2804 emissus
534 2772 573 2818 ep.
592 2755 659 2804 Phil.
680 2755 715 2805 xi
733 2757 779 2816 17;
831 2757 961 2823 meyhave
972 2773 987 2807 a
998 2756 1324 2807 doubteboutthattraitin
1335 2753 1408 2804 him.⁸

231 2835 267 2934 oNr.
280 2820 329 2950 Ep.
341 2819 360 2869 i.
374 2822 398 2881 8,
412 2824 458 2877 12;
479 2824 518 2882 19,
533 2824 573 2872 37.
831 2821 940 2883 Ernesti,
951 2821 1089 2871 withsome
1100 2819 1237 2880 reseniis
1248 2823 1294 2869 id:
1312 2820 1358 2870 but
1368 2820 1411 2868 the

262 2901 301 2933 am

202 2965 254 3016 you
273 2955 300 2999 to
319 2949 390 2998 wn'te
405 2955 432 2998 to
449 2949 544 3009 Pollio;
563 2950 604 2998 for
619 2964 679 3013 you,
698 2964 725 2997 ss
742 2947 782 2996 his
847 2952 904 3000 ¹am.
928 2950 963 2999 iv.
991 2954 1028 3008 18,
1050 2955 1060 3000 l
1084 2950 1161 3015 (484),
1176 2952 1272 3013 eepneui
1288 2957 1367 2997 autem
1384 2949 1412 2996 id

201 3014 292 3071 friend,
305 3014 333 3064 ol
341 3029 426 3063 course
437 3014 511 3064 know
523 3013 563 3063 his
573 3014 722 3062 sentiments
733 3012 783 3061 end
833 3018 896 3079 qued
906 3016 967 3064 miii
979 3016 1077 3064 dubium
1088 3017 1205 3077 nonfuit.

201 3078 242 3128 his
270 3078 333 3127 lans.
369 3077 402 3126 D.
416 3078 510 3128 Brutus
521 3094 599 3128 seems
610 3083 636 3127 to
650 3077 700 3127 feel
716 3077 784 3127 little
867 3083 931 3130 Sise
950 3117 956 3129 .
977 3117 983 3128 .
1003 3115 1010 3127 .
1029 3077 1165 3144 traieceris]
1201 3079 1250 3128 For
1265 3078 1309 3127 the
1320 3076 1413 3126 double

201 3094 280 3192 doubt
289 3142 346 3192 that
356 3141 437 3192 Pollio
448 3143 501 3192 will
509 3150 549 3192 eet
559 3142 728 3208 honourably.
765 3205 771 3217 .
835 3160 886 3194 ecc.
905 3161 944 3207 cp.
963 3148 1019 3204 900,
1038 3148 1063 3204 4,
1082 3147 1104 3193 si
1123 3161 1169 3208 quo
1184 3146 1257 3192 eiiam
1279 3159 1335 3191 cusu
1357 3144 1412 3191 Isa-

234 3209 341 3256 Polls'ene
349 3211 438 3256 Asinio
486 3208 533 3257 See
540 3217 599 3258 note
607 3213 633 3257 to
642 3208 714 3256 Fam.
727 3207 781 3256 viis.
835 3226 888 3258 rem
899 3225 924 3257 se
935 3212 1081 3257 traiecerirsi.

204 3273 416 3336 11,e(267),for
455 3288 621 3336 esognomen
638 3272 726 3335 placed
736 3272 780 3321 be·
866 3273 954 3339 Iiepie]
996 3273 1103 3336 Regium
1124 3271 1212 3336 Lepidi
1234 3271 1302 3334 (825,
1328 3269 1360 3332 1),
1384 3284 1413 3317 or
1480 3323 1485 3329 .

203 3336 258 3387 lore
268 3338 312 3387 the
323 3353 414 3387 nornen.
833 3338 942 3402 Regium
958 3338 1081 3400 Lepidum
1100 3337 1168 3402 (Tse.
1187 3335 1257 3385 Hist.
1278 3335 1307 3384 ii.
1326 3334 1378 3395 50),
1397 3348 1412 3382 s

236 3403 354 3517 liuline]
381 3401 491 3465 Lepidus
507 3401 692 3465 had'llegions
704 3402 780 3465 (App.
833 3408 901 3453 town
923 3418 957 3452 on
983 3403 1027 3452 the
1049 3402 1174 3452 Aemiliam
1200 3401 1269 3462 read,
1299 3399 1412 3448 between

203 3465 313 3533 iii.es);
354 3467 414 3517 ollio
424 3468 563 3531 hsd3(cp.
576 3469 635 3526 896,
648 3467 683 3529 4).
834 3467 935 3518 Mutina
962 3468 1011 3516 and
1037 3466 1133 3527 Parma,
1155 3465 1275 3529 probably
1292 3463 1359 3513 built
1376 3462 1410 3527 by

238 3535 261 3582 2.
280 3531 367 3598 eciam]
400 3532 455 3582 'l'he
472 3532 539 3596 subj.
558 3531 661 3593 isused,
677 3532 783 3582 because
833 3530 872 3581 M.
892 3531 1015 3581 Aemilius
1035 3531 1151 3595 Lepidus,
1172 3545 1239 3579 oons.
1258 3530 1305 3579 867
1330 3527 1408 3591 (187),

203 3598 255 3649 this
266 3597 288 3648 is
298 3603 342 3648 not
353 3599 397 3648 the
408 3598 460 3648 resl
476 3612 580 3648 resson:
599 3612 638 3660 ep.
656 3597 728 3648 Fam.
744 3597 780 3647 ix.
833 3597 892 3647 who
902 3598 974 3647 made
985 3597 1029 3646 the
1039 3597 1113 3656 road3
1131 3611 1188 3645 now
1199 3592 1305 3658 Reggio.

349 2884 403 2934 The
413 2891 545 2949 argument
556 2884 626 2934 iss-I
644 2886 675 2934 do
685 2888 729 2933 not
737 2883 782 2932 eslr
831 2886 947 3001 persensi
969 2886 1137 2936 construction
1158 2885 1180 2934 is
1199 2884 1344 2934 ellowable:
1370 2900 1410 2946 op.
