3022 5444
504 390 723 457 nonanta
748 390 870 478 (rau.
894 394 938 458 r.
962 390 1029 477 ro).
1308 389 1371 453 103

161 581 251 667 prius
263 581 394 647 ederent
407 601 454 660 ea,
468 602 550 665 quae
566 587 658 665 gesta
669 602 689 644 a
699 577 809 645 Cassio
825 585 940 660 essent,
953 601 1051 665 quam
1066 577 1148 644 mihi
1160 578 1264 644 visum
1277 584 1368 656 esset,

159 685 253 751 video
271 689 304 749 te
326 684 464 750 veritum
485 707 551 748 esse
574 684 619 763 id,
641 684 728 769 quod
751 684 929 749 verendum
947 683 1022 763 fuit,
1045 705 1087 748 ne
1109 681 1212 747 animi
1226 680 1369 766 partium

158 788 314 868 Caesaris,
344 790 505 874 quomodo
533 787 633 852 etiam
662 809 750 851 nuno
781 792 889 872 partes
918 788 1134 873 appellantur,
1163 785 1371 853 vehementer

156 895 443 958 commoverentur.
490 890 555 956 Sed
575 895 652 956 ante
675 913 773 975 quam
797 895 872 956 tuas
896 891 1021 957 litteras
1044 888 1232 976 aoaepimus,
1258 887 1371 953 audita

156 1018 207 1061 res
226 1002 295 1061 erat
318 1001 350 1060 et
372 994 576 1080 pervulgata,
600 995 649 1059 tui
672 994 771 1059 etiam
797 992 962 1060 tabellarii
984 996 1027 1060 ad
1048 994 1168 1059 multos
1193 991 1371 1058 familiares

157 1103 231 1164 tuos
260 1099 386 1164 litteras
415 1099 602 1163 attulerant.
650 1096 725 1169 Qua
753 1120 788 1163 re
818 1120 923 1184 neque
953 1098 1184 1183 supprimenda
1209 1119 1259 1162 res
1289 1102 1369 1174 erat,

156 1205 346 1288 praesertim
369 1227 443 1269 oum
464 1205 499 1268 id
522 1203 591 1268 fieri
614 1226 679 1268 non
704 1208 819 1288 posset,
845 1226 960 1288 neque,
984 1204 1012 1268 si
1034 1207 1150 1290 posset,
1173 1225 1240 1268 non
1263 1200 1369 1266 divul-

156 1309 301 1393 gandam
329 1307 437 1393 potius
461 1329 560 1392 quam
584 1306 808 1372 oeoultandam
834 1311 1034 1392 putaremus.
1080 1309 1110 1371 6.
1136 1305 1188 1372 De
1215 1305 1369 1371 Gioerone

157 1430 228 1475 meo
255 1414 297 1491 et,
324 1411 352 1475 si
378 1414 508 1475 tautum
535 1415 583 1476 est
613 1411 648 1474 in
679 1431 726 1489 ee,
753 1416 913 1495 quantum
938 1409 1060 1490 soribis,
1083 1415 1213 1476 tantum
1237 1409 1368 1490 soilioet,

156 1520 316 1598 quantum
338 1513 448 1592 debeo,
473 1516 610 1600 gaudee,
634 1517 667 1579 et
690 1513 728 1591 si,
754 1515 842 1599 quod
864 1536 954 1579 amas
975 1537 1060 1595 eum,
1082 1537 1118 1580 eo
1138 1513 1262 1579 maiora
1276 1512 1367 1592 faois,

156 1616 191 1680 id
206 1616 313 1701 ipsum
328 1617 561 1684 ineredibiliter
576 1619 713 1702 gaudeo,
730 1640 750 1682 a
765 1622 797 1682 te
812 1639 887 1682 eum
902 1616 1008 1702 diligi.

273 1914 490 1982 DOOOXLI.
539 1915 700 1981 GALBA
724 1915 783 1981 ΤΟ
807 1916 978 1984 CICERO
1003 1916 1106 2001 (Fau.
1131 1939 1165 1983 x.
1191 1922 1245 2003 so).

175 2103 266 2146 curt?
283 2103 326 2144 ur
343 2101 500 2158 uarium
529 2100 633 2145 annm
652 2100 703 2161 153
728 2101 759 2145 Α.
773 2100 807 2146 υ.
821 2102 849 2146 a.
866 2099 933 2161 7113
961 2103 992 2146 n.
1006 2103 1033 2146 o.
1049 2100 1104 2157 ta;
1132 2103 1208 2147 sarr.
1225 2102 1285 2146 crc.
1302 2099 1344 2147 ae.

203 2243 255 2292 Ser.
279 2242 367 2302 Galba,
391 2260 467 2306 nepos
492 2243 546 2295 Sar.
571 2242 665 2293 Galbae
684 2242 796 2304 oratoris,
818 2243 848 2292 de
869 2243 964 2305 proelio
982 2241 1084 2306 exponit
1102 2243 1133 2293 ad
1152 2240 1276 2293 Mutinam
1298 2241 1367 2292 laeto

154 2322 306 2389 victoriaque
323 2325 353 2374 de
371 2324 407 2372 M.
426 2323 535 2374 Antonio
552 2323 639 2374 relata.

577 2462 702 2518 GALBA
721 2463 897 2519 CICERONI
916 2465 944 2519 S.

220 2596 249 2658 l.
273 2595 316 2659 A.
342 2595 373 2658 d.
399 2615 497 2658 xvnr.
526 2593 605 2659 Kal.
629 2577 747 2673 Maiae,
772 2618 834 2681 quo
858 2595 910 2662 die
936 2595 1046 2660 Pansa
1067 2594 1102 2659 in
1126 2592 1237 2658 eastris
1259 2590 1367 2657 Hirtii

152 2707 222 2764 erat
248 2699 390 2776 futurus,
421 2721 495 2763 oum
524 2721 587 2784 quo
617 2721 678 2785 ego
705 2722 915 2765 eram—nam
940 2699 971 2764 ei
997 2699 1126 2764 obviarn
1151 2717 1365 2783 proeesseram

184 2886 207 2915 m
222 2870 299 2916 antrat
313 2870 425 2929 partiunt
443 2903 449 2916 .
469 2903 475 2916 .
495 2905 501 2917 .
521 2870 731 2938 corumooereatur]
784 2888 840 2934 gera
858 2871 908 2920 had
921 2870 1009 2935 spread
1023 2868 1067 2919 the
1083 2884 1152 2919 news
1168 2884 1196 2918 aa
1207 2866 1265 2918 wall
1282 2883 1309 2917 aa
1319 2866 1363 2917 tha

151 2933 300 2983 Thesenate
317 2934 366 2982 had
382 2949 397 2982 a
414 2933 508 2982 certain
523 2941 626 2985 amount
640 2934 733 2986 eitear
783 2935 856 2985 letter
867 2935 895 2986 of
906 2935 1042 2985 Lentulus:
1062 2950 1102 2998 ap.
1116 2937 1173 2995 839,
1188 2936 1211 2983 3.
1246 2932 1308 2982 'l'his
1319 2948 1364 2983 use

150 2998 197 3047 lest
217 2997 310 3047 Brutus
332 2998 380 3046 and
400 2998 500 3047 Cassius
523 2998 612 3048 should
632 3001 732 3063 acquire
783 3000 811 3050 oi
829 3003 902 3049 etiam
920 2999 1003 3050 would
1021 2998 1090 3049 show
1108 2998 1164 3048 that
1183 2998 1226 3048 the
1244 2998 1317 3048 letter
1335 2996 1364 3047 of

149 3068 191 3112 too
220 3067 291 3125 great
317 3062 429 3126 military
450 3078 534 3125 power
558 3065 607 3112 and
631 3063 731 3116 become
783 3065 907 3114 Lentulus
917 3080 969 3114 was
979 3064 1022 3114 the
1033 3064 1142 3128 primary
1154 3063 1291 3128 atrthority.

148 3128 287 3190 dangerous
304 3133 330 3176 to
348 3127 391 3176 the
407 3134 471 3177 state
488 3127 564 3188 (Phil.
583 3145 608 3177 x.
629 3133 668 3189 lt,
686 3133 729 3191 15;
815 3128 1000 3194 supprimenda]
1034 3127 1365 3192 ep.l.iv.iii.ta,13,quao

149 3191 184 3241 xi.
206 3192 282 3254 eeu).
316 3192 367 3241 For
379 3196 456 3240 antrat
468 3197 579 3252 partitam
599 3209 639 3255 ep.
657 3194 728 3245 Fam.
781 3196 1002 3244 rmatarrorrrulta.
1018 3229 1024 3242 .
1040 3229 1047 3242 .
1062 3193 1273 3254 rupprImebarrtur
1289 3194 1362 3241 uitia·

149 3255 203 3305 viii.
220 3261 258 3315 lt,
274 3261 284 3305 l
300 3258 377 3320 (280),
396 3274 424 3305 er
437 3261 641 3317 perhumanum
662 3260 727 3309 Phil.
781 3258 922 3322 danturque.
957 3258 1043 3308 Cioaro
1062 3258 1133 3307 often
1153 3259 1214 3321 (eg.
1238 3256 1295 3307 ctu.
1321 3259 1360 3316 68,

149 3336 175 3370 v.
207 3325 246 3383 32,
275 3325 385 3382 partium
413 3325 544 3383 contentia;
580 3322 620 3372 for
643 3332 729 3385 parter
780 3325 820 3387 99)
839 3340 895 3373 uses
912 3326 1063 3386 aupprr'mere
1078 3321 1106 3372 in
1125 3321 1168 3372 the
1185 3338 1255 3372 sense
1273 3320 1301 3371 of
1321 3324 1362 3371 ‘to

152 3387 261 3434 Castoris
272 3402 310 3448 cp.
323 3394 380 3435 note
392 3397 417 3436 to
429 3390 486 3445 890,
502 3391 523 3435 1.
778 3387 923 3438 embezale.'

182 3453 295 3510 qrromodo
316 3487 322 3499 .
346 3487 352 3499 .
376 3451 566 3564 appellantur?
602 3454 647 3501 ‘aa
663 3465 727 3499 oven
811 3470 891 3515 nepae,
904 3456 1022 3514 apeme,
1035 3449 1277 3526 aondioulpaadam]
1312 3450 1360 3501 We

149 3515 201 3565 still
219 3516 262 3564 the
278 3522 352 3578 party
370 3515 391 3563 is
411 3516 490 3564 called
500 3516 515 3573 ’3
539 3523 595 3566 trat
613 3516 644 3574 is,
663 3530 727 3564 even
778 3528 846 3567 must
864 3519 977 3568 eorraider
996 3533 1069 3581 arque
1085 3554 1091 3566 .
1106 3552 1112 3565 .
1128 3553 1134 3565 .
1151 3533 1198 3565 riou
1215 3515 1361 3581 equuleos

149 3580 246 3642 though
265 3578 354 3628 Caesar
370 3579 392 3628 is
409 3582 480 3642 dead,
496 3581 540 3630 the
557 3587 630 3644 party
642 3580 664 3630 ie
675 3579 728 3629 still
779 3588 805 3631 to
816 3589 847 3630 et.

149 3646 229 3695 euliad
251 3644 309 3692 ‘tha
327 3649 400 3707 party
417 3646 445 3693 oi
465 3647 573 3694 Caesar!
608 3645 660 3695 For
677 3644 728 3694 this
812 3649 836 3694 6.
855 3642 1171 3708 DrCierroae...dilr'pi]
1206 3659 1244 3706 cp.
1260 3646 1316 3706 8³7,
1335 3647 1359 3696 d.

150 3727 194 3759 nse
205 3710 233 3759 of
244 3709 353 3771 qarorrwdo
365 3725 403 3770 ep.
417 3708 455 3757 De
467 3709 535 3758 Orat.
547 3709 575 3758 ii.
592 3713 635 3765 18;
655 3710 726 3758 Fam.
811 3714 868 3759 etei
887 3747 893 3760 .
914 3745 920 3759 .
940 3747 947 3760 .
959 3711 1041 3775 sacia]
1075 3711 1142 3759 ‘and
1156 3708 1178 3757 it
1191 3708 1297 3757 because
1309 3723 1360 3772 you

150 3775 194 3824 vii.
209 3778 232 3835 5,
254 3778 267 3821 3
287 3774 364 3835 (134).
400 3773 461 3822 This
478 3774 666 3836 interpretation
683 3775 729 3824 has
778 3776 835 3826 love
847 3774 900 3824 him
917 3792 968 3840 you
979 3776 1051 3825 make
1062 3789 1129 3824 more
1140 3773 1167 3823 of
1186 3773 1254 3822 wlrat
1268 3772 1300 3822 he
1314 3773 1360 3823 hae

149 3856 217 3890 more
226 3839 297 3902 point
305 3837 366 3886 thau
375 3837 489 3887 theview
499 3840 603 3889 thatthe
612 3839 729 3901 meaning
780 3839 858 3890 done’
872 3839 944 3904 (than
957 3856 1007 3904 you
1020 3839 1102 3890 would
1112 3836 1245 3888 otherwise
1255 3838 1306 3899 do).

149 3906 243 3967 merely
254 3905 275 3952 is
287 3904 342 3952 that
354 3903 478 3967 Antony’e
492 3903 624 3967 following
640 3904 729 3954 should

148 3970 179 4019 be
198 3970 276 4017 called
297 3968 373 4015 hoster
391 3968 473 4016 rather
489 3968 550 4017 than
563 3977 662 4029 parter:
687 3984 727 4031 ep.
814 3968 865 4018 For
877 3968 958 4018 Galba
972 3984 1013 4019 see
1028 3966 1211 4018 Introduction.
1245 3964 1359 4017 Tharais

148 4033 215 4083 Phil.
230 4033 283 4082 xiii.
298 4036 337 4090 39,
353 4039 443 4092 parter,
456 4033 560 4093 starium,
578 4037 692 4082 darentur
703 4036 731 4082 r'a
781 4050 814 4084 an
830 4033 955 4084 elaborate
972 4033 1067 4084 seetion
1084 4048 1117 4082 on
1133 4032 1175 4082 the
1191 4031 1316 4096 language
1332 4030 1360 4080 of

141 4100 209 4160 seru,
235 4101 261 4146 iu
283 4100 371 4154 rrrria;
401 4098 484 4146 tellum
512 4105 595 4146 rerrtra
619 4101 731 4160 patriam
782 4098 862 4148 Galba
872 4097 1083 4162 inaWiiraburg
1094 4097 1253 4161 Programme
1263 4095 1299 4161 by
1311 4095 1357 4147 Dr.

149 4166 270 4225 ursarium
290 4164 433 4222 eracemum
450 4165 491 4219 tt,
509 4165 731 4225 quadripartium
781 4162 913 4213 Hermann
936 4162 1079 4223 Hellmuth,
1106 4162 1211 4214 entitled
1237 4162 1297 4210 Uber·
1321 4163 1360 4210 dtr

147 4235 264 4278 certamen
296 4234 363 4288 esset,
397 4243 500 4288 quarum
527 4230 622 4277 ornatae
648 4242 731 4277 nornen
781 4229 890 4289 Sprarlrr
903 4230 945 4277 der
962 4228 1181 4291 Epistoloyraphm
1197 4227 1359 4286 stupores

146 4296 290 4342 exstinctum
307 4299 341 4339 eat
358 4292 514 4339 Antoniusne
527 4295 611 4352 potius
626 4298 650 4341 rt
667 4295 729 4343 t'en·
783 4295 861 4345 Galla
873 4294 923 4343 aad
932 4295 963 4344 t.
980 4296 1103 4344 Cornelius
1113 4292 1205 4341 natta
1218 4291 1312 4354 (1888).

148 4360 224 4407 lidius
232 4365 315 4418 parter
329 4358 438 4405 Caesarie
450 4357 609 4420 dej‘raderrnt.
816 4361 839 4408 1.
858 4361 895 4408 A.
908 4361 932 4407 d.
945 4361 1016 4408 xviii.
1031 4359 1092 4407 rat.
1109 4354 1205 4421 Maiae]
1239 4355 1294 4404 'l'he
1311 4369 1358 4404 usu

181 4425 301 4472 tatettam
314 4419 449 4486 tabellarii]
483 4422 527 4471 i.e.
540 4436 604 4488 your
619 4436 730 4473 messen-
782 4420 838 4472 ΜΗ
851 4422 916 4474 hare
927 4426 988 4473 aeti.
1002 4423 1029 4472 in
1040 4423 1084 4472 the
1096 4427 1158 4483 text,
1171 4418 1357 4471 aadhlelsoin
