3022 5444
468 404 666 473 ccccxc.
694 406 818 491 (usu.
842 407 887 472 x.
911 407 982 491 sa).
1259 411 1324 475 ace

113 601 248 685 possunt
272 620 377 682 neque
403 597 535 663 mederi.
581 595 694 681 Atque
719 596 848 661 utinam
873 596 985 661 ecdem
1012 597 1324 678 senatusconsulto,

115 721 179 786 quc
194 699 354 765 Plancum
370 705 403 765 et
418 698 583 785 Lepidum
598 700 633 763 in
651 699 786 764 Italiam
807 699 991 780 arcessistis,
1007 722 1059 764 me
1075 723 1202 785 quoque
1217 702 1324 767 inssis-

114 805 190 869 setis
206 803 334 868 venire!
360 803 504 888 prolecto
523 824 588 867 non
605 803 778 888 accepisset
793 825 843 867 res
858 801 988 887 publica
1003 803 1064 868 hcc
1079 803 1208 869 vulnus.
1251 804 1325 877 Quo

114 906 141 971 si
163 907 220 992 qui
235 906 398 971 laetantur
420 906 455 969 in
479 906 671 991 praesentia,
689 905 766 990 quia
782 905 934 970 videntur
956 910 989 970 et
1011 906 1108 970 duces
1127 912 1160 971 et
1180 910 1325 974 veterani

114 1007 260 1075 Caesaris
283 1009 426 1094 partium
447 1008 607 1087 interisse,
634 1012 745 1074 tamen
768 1009 938 1094 postmodo
959 1032 1087 1075 necesse
1110 1015 1158 1075 est
1182 1013 1324 1092 doleant,

114 1135 188 1179 cum
219 1113 406 1177 vastitatem
437 1111 555 1177 Italiac
585 1111 797 1196 respexerint.
843 1110 932 1177 Nam
959 1118 992 1177 et
1017 1112 1116 1177 robur
1141 1118 1173 1178 et
1199 1113 1326 1180 suboles

114 1216 258 1281 militum
285 1215 420 1293 interiit,
447 1215 474 1279 si
496 1215 629 1299 quidem
652 1237 736 1299 quae
758 1214 955 1279 nuntiantur
980 1215 1049 1278 ulla
1071 1238 1111 1280 ex
1135 1222 1227 1301 parte
1250 1241 1326 1284 vcra

113 1322 201 1384 eunt.
247 1319 278 1381 2.
302 1317 419 1402 Neque
434 1340 496 1404 ego
511 1340 578 1383 non
592 1317 745 1384 videbam
766 1321 889 1402 quanto
904 1318 978 1382 usui
993 1318 1040 1382 rei
1055 1318 1203 1403 publicae
1223 1344 1324 1388 essem

114 1423 255 1501 futurus,
271 1422 299 1486 si
314 1422 356 1486 ad
371 1421 535 1507 Lepidum
550 1423 732 1488 venissem:
757 1443 887 1487 omnem
903 1422 989 1487 enim
1006 1423 1244 1491 cunctationem
1256 1427 1325 1492 eius

113 1524 342 1603 discussissem,
366 1525 557 1609 praesertim
580 1525 729 1590 adiutore
756 1523 889 1590 Planco.
941 1523 1006 1590 Sed
1028 1526 1182 1592 scribenti
1209 1530 1251 1595 ad
1272 1551 1325 1595 mc

113 1629 182 1694 eius
204 1630 292 1693 modi
308 1629 444 1708 litteras,
460 1651 542 1713 quas
564 1629 663 1714 leges,
681 1631 715 1694 et
737 1627 943 1694 contionibus
964 1629 1125 1710 videlicet,
1143 1654 1223 1716 quas
1238 1632 1324 1699 Nar·

113 1733 197 1798 bone
227 1731 376 1797 habuisse
408 1732 538 1813 dicitur,
569 1732 702 1812 similes,
733 1732 884 1816 palparer
906 1731 1005 1818 plane
1034 1754 1161 1800 necesse
1190 1742 1270 1816 erat,
1297 1738 1325 1803 si

112 1836 229 1903 vellem
245 1840 441 1901 commeatus
456 1858 514 1921 per
528 1835 730 1922 provinciam
746 1836 815 1900 eius
829 1834 893 1900 iter
913 1835 1036 1900 faciens
1050 1835 1179 1902 habere.
1225 1839 1323 1907 Prae·

112 1945 201 2006 terea
223 1938 355 2004 verebar
376 1961 429 2017 ne,
445 1940 472 2002 si
495 1944 582 2019 ante,
599 1961 697 2024 quam
720 1959 781 2023 ego
803 1938 934 2024 incepta
953 1939 1148 2022 perficerem,
1164 1943 1323 2026 proelium

111 2043 295 2109 confectum
320 2046 412 2119 esset,
438 2042 530 2127 pium
556 2041 728 2106 consilium
754 2063 862 2105 meum
889 2050 1040 2125 raperent
1063 2042 1099 2107 in
1129 2047 1323 2113 contrariam

111 2151 237 2232 partem
260 2146 490 2211 obtrectatores
511 2145 576 2210 mei
599 2149 731 2230 propter
754 2144 943 2222 amicitiam,
960 2167 1043 2229 quac
1065 2146 1146 2211 mihi
1161 2170 1235 2213 cum
1249 2150 1321 2216 An-

111 2249 211 2328 tonio,
227 2273 292 2314 non
309 2249 413 2313 maior
427 2254 537 2314 tamen
553 2272 652 2334 qnam
668 2247 801 2327 Planco,
820 2247 895 2312 fuit.
941 2248 973 2311 3.
997 2247 1115 2334 Itaque
1137 2272 1156 2314 a
1175 2250 1322 2319 Gadibus

111 2376 220 2419 mense
242 2352 351 2438 Aprili
369 2352 461 2421 binis
487 2351 665 2416 tabellariis
687 2352 722 2414 in
745 2352 826 2415 duas
849 2371 948 2415 naves
969 2350 1128 2435 impositis
1150 2357 1183 2417 et
1206 2353 1266 2420 tibi
1288 2363 1321 2421 et

111 2455 296 2522 consulibus
312 2459 344 2520 et
360 2454 539 2520 Octaviano
562 2454 685 2539 scripsi,
701 2459 739 2519 ut
754 2476 807 2518 ma
826 2453 976 2518 faceretis
995 2455 1162 2520 certiorem
1177 2478 1319 2540 quonam

110 2561 206 2624 modo
228 2558 406 2644 plurimum
426 2579 551 2641 possem
566 2559 717 2641 prodesse
739 2557 787 2621 rei
807 2555 965 2642 publicae.
1011 2554 1086 2637 Sed,
1102 2562 1140 2622 ut
1157 2560 1318 2629 rationem

109 2664 192 2740 ineo,
209 2683 273 2745 quc
295 2661 349 2725 die
370 2659 531 2744 proelium
554 2658 663 2725 Pansa
685 2660 857 2739 commisit,
873 2661 986 2725 ecdcm
1009 2682 1029 2725 a
1052 2660 1199 2727 Gadibus
1218 2686 1318 2732 naves

108 2767 271 2850 profectae
297 2768 393 2828 sunt:
429 2762 521 2826 nulla
548 2762 637 2828 enim
667 2768 741 2850 post
764 2763 904 2829 hiemem
930 2763 995 2829 init
1022 2768 1099 2829 ante
1127 2787 1200 2831 eam
1230 2767 1317 2836 diem

104 2951 149 3016 ing
159 2957 185 3000 tc
194 2949 366 3007 Fricdl‘dndcr3
379 2947 425 2996 but
431 2946 452 2995 it
462 2954 553 2997 cannot
558 2948 618 2997 bear
628 2948 684 3000 that
733 2949 880 3015 legionarias
890 2949 939 2999 aud
949 2948 1062 2999 recruits.

105 3015 221 3078 meaning
239 3014 305 3062 hore.
341 3012 449 3074 Perhaps
467 3013 487 3061 it
506 3012 528 3061 is
548 3013 606 3062 used
623 3013 650 3063 in
667 3029 684 3064 a
767 3020 790 3064 2.
809 3013 982 3080 discussissem]
1022 3014 1053 3064 ⁴1
1072 3015 1157 3064 would
1177 3015 1243 3068 have
1264 3019 1314 3071 dis·

104 3080 239 3130 corrective
255 3092 334 3136 sense,
355 3076 384 3125 ‘I
398 3092 470 3125 mean
489 3077 547 3138 (aad)
560 3077 602 3127 for
612 3078 682 3128 those
731 3079 833 3144 pensu!

105 3143 163 3195 who
179 3160 225 3192 can
242 3144 273 3191 dc
289 3141 420 3205 nothing':
441 3157 479 3203 cp.
499 3142 568 3191 Orat.
588 3143 629 3202 97,
643 3144 682 3191 hic
760 3142 893 3257 palparer}
923 3142 961 3193 lit.
981 3143 1080 3192 ‘strclrc
1099 3143 1193 3208 dcwn,’
1213 3148 1312 3201 ‘softsn

103 3213 218 3258 ostentm
235 3211 303 3256 cuius
322 3213 433 3255 ornatum
449 3209 542 3255 dicendi
557 3210 682 3268 etccpiam
733 3208 826 3258 down!
895 3208 926 3257 he
953 3209 1021 3257 word
1048 3207 1070 3258 is
1098 3207 1166 3258 often
1194 3214 1256 3262 used
1278 3215 1313 3280 by

104 3277 239 3322 admiratae
247 3279 328 3335 pentes
339 3273 493 3334 eloquentiam
506 3274 532 3320 in
543 3273 683 3321 civitatibus
734 3273 855 3323 Plautus:
875 3288 926 3337 eg.
939 3272 1031 3334 Amph.
1050 3272 1068 3321 i.
1082 3276 1105 3332 8,
1120 3277 1151 3332 9;
1171 3273 1227 3325 Mil.
1246 3277 1272 3327 ii.
1288 3284 1310 3337 1,

99 3341 235 3399 plurimum
257 3339 335 3386 calere
352 3342 526 3397 parauerunt,
551 3337 599 3385 aad
622 3338 684 3385 harre
734 3340 781 3398 28;
801 3339 847 3387 but
864 3346 908 3387 not
925 3337 958 3401 by
978 3337 1071 3386 Cicero.
1107 3338 1157 3387 For
1170 3339 1213 3390 the
1227 3342 1311 3394 dative

103 3405 258 3466 eloquentiam
281 3418 340 3465 qaae
362 3417 434 3449 cursu
456 3416 539 3464 mapsa
558 3403 684 3464 sonituque
734 3419 773 3465 cp.
787 3401 848 3451 Hor.
864 3401 914 3450 sat.
926 3401 954 3451 ii.
971 3405 993 3463 l,
1007 3403 1047 3460 20,
1061 3405 1100 3450 cui
1111 3406 1203 3452 malasi
1212 3409 1312 3468 palpare

96 3468 217 3529 serretur.
734 3469 871 3516 recalcitrat
884 3469 988 3528 undiquc
1001 3472 1075 3514 tutus.
1111 3467 1157 3517 See
1168 3468 1233 3519 Adn.
1247 3471 1309 3524 (trit.

138 3528 376 3595 ansaricpartium]
404 3545 443 3591 cp.
457 3532 514 3590 840,
528 3532 551 3591 5,
565 3546 594 3578 ne
605 3532 682 3578 animi
767 3531 898 3593 consectum
917 3568 923 3580 .
944 3568 950 3580 .
971 3567 977 3578 .
996 3533 1120 3579 seruilium
1139 3569 1144 3580 .
1165 3569 1171 3581 .
1192 3543 1308 3586 mentm.

101 3600 211 3656 partium
225 3597 352 3644 Caesaris.
373 3631 378 3641 .
399 3630 405 3642 .
423 3595 569 3644 retenentes·
579 3611 678 3643 ccanmc·
731 3594 807 3661 riam]
843 3595 893 3645 For
903 3595 947 3644 the
958 3593 1117 3652 alliteration,
1130 3612 1168 3658 cp.
1183 3602 1240 3656 824,
1254 3606 1278 3649 4.

103 3668 229 3716 serentum
254 3659 321 3707 Phil.
345 3674 370 3706 v.
396 3661 436 3717 32,
459 3661 565 3708 Caesaris
582 3667 676 3720 partes,
762 3662 912 3721 superantia
929 3662 1075 3707 constrarlcm
1087 3668 1182 3719 partam
1232 3664 1307 3715 ἠὼ.

121 3726 194 3774 uotcd
216 3725 250 3810 hp
273 3722 458 3771 blendelssohn.
500 3722 674 3788 Accordingly,
728 3725 878 3787 represent':
908 3740 948 3787 cp.
970 3723 1027 3772 Ter.
1053 3724 1160 3787 Adelph.
1211 3727 1256 3777 rol.
1282 3732 1305 3792 ³,

102 3742 256 3838 ditlbcucrs
277 3786 453 3849 transposition
474 3787 502 3837 cf
519 3791 631 3848 partiam
648 3793 676 3837 to
727 3805 811 3850 rapere
823 3792 849 3837 in
857 3791 962 3849 petorem
970 3794 1083 3849 parterm
1101 3788 1166 3838 Eun.
1180 3789 1216 3840 iv.
1237 3795 1259 3854 2,
1274 3797 1306 3854 4ς

100 3853 187 3903 follow
198 3856 266 3901 derosa
276 3852 298 3900 is
309 3866 483 3915 unnccessary.
727 3853 810 3902 Plaut.
823 3853 894 3902 Trin.
906 3852 943 3901 iii.
956 3856 980 3912 2,
994 3855 1034 3901 cl.
1221 3895 1226 3903 .

133 3914 380 3981 castitatemltntice]
399 3914 678 3966 Schmalznoticcsthat
761 3921 784 3967 3.
802 3918 866 3966 tinia
883 3954 889 3965 .
908 3954 914 3966 .
935 3952 942 3966 .
961 3917 1156 4032 industriosae}
1189 3918 1248 3969 Itis
1262 3937 1308 3972 un·

101 3982 152 4032 this
165 3982 248 4031 would
263 3997 354 4043 appear
369 3986 395 4028 tc
411 3980 441 4028 be
458 3997 472 4029 a
488 3979 549 4028 kind
566 3980 594 4028 cf
611 3980 678 4029 fixed
728 3981 822 4032 certain
833 3981 947 4031 whether
958 3982 1021 4029 dinis
1031 3980 1057 4030 is
1070 3980 1129 4030 herc
1157 3982 1307 4049 istributivc,

99 4048 148 4095 and
165 4046 312 4109 recognized
327 4046 469 4107 expression
484 4044 513 4093 in
529 4044 618 4094 Latin:
637 4060 676 4106 cp.
731 4050 796 4096 ‘two
807 4046 861 4095 into
871 4045 932 4096 each
943 4045 1055 4108 ship,’0r
1066 4046 1178 4096 whether
1189 4049 1210 4097 it
1216 4049 1263 4100 sim
1281 4052 1308 4117 ly

101 4111 153 4161 cic.
168 4111 222 4161 cat.
235 4111 253 4159 i.
267 4110 361 4167 uc;iv.
376 4113 399 4168 2,
412 4108 534 4170 13;Sn11.
549 4113 580 4157 33
590 4108 676 4166 ;Sest.
728 4133 748 4152 =
766 4111 862 4159 duobus.
899 4109 1012 4160 Schmalz
1032 4112 1067 4175 (p.
1087 4113 1128 4173 88)
1148 4111 1234 4164 thinks
1299 4127 1309 4167 ι

103 4179 147 4234 123
166 4175 233 4225 Phil.
251 4175 278 4223 ii.
299 4175 344 4232 17;
365 4176 418 4223 Art.
438 4173 474 4222 ix.
496 4177 534 4234 10,
558 4176 571 4222 3
590 4174 676 4238 (365);
728 4175 771 4225 the
782 4175 857 4225 latter
874 4178 895 4224 is
908 4175 951 4225 the
964 4183 1059 4225 correct
1073 4175 1146 4233 view,
1164 4180 1308 4247 comparing

101 4240 171 4289 Fam.
185 4258 211 4289 x.
225 4238 450 4304 t,4(810);Sall.
463 4237 524 4302 Jug.
539 4237 676 4298 s,2;Liv.
728 4242 823 4300 saal.

12 4326 22 4339 ·
100 4305 207 4363 xxitt,
223 4308 246 4352 9.
762 4303 1309 4418 quodispTheBattlecsFcrumGullcrum

131 4365 498 4432 etroburetsubclesmilitum]
526 4366 584 4417 ‘the
594 4366 680 4418 flowsr
729 4384 781 4420 was
790 4369 854 4433 teng
873 4371 959 4418 tonA
977 4369 1010 4419 ril
1023 4371 1061 4418 lt.

99 4435 149 4483 and
172 4435 277 4484 blosscm
299 4435 327 4482 ol
349 4432 393 4482 the
415 4431 536 4493 soldicrs,'
564 4431 607 4482 i.e.
636 4431 679 4482 the
763 4441 819 4483 ante
834 4450 885 4483 eam
901 4386 977 4500 dicml
1011 4433 1095 4485 Baiter
1110 4436 1224 4502 wrongly
1234 4439 1309 4491 alters

164 4530 223 4565 von.
236 4530 273 4564 vr.
1161 4515 1183 4566 P
