3022 5444
422 433 726 500 nocemur.
754 436 880 519 (nnn.
904 437 949 502 x.
973 439 1007 519 s>
1284 438 1327 503 ss

114 630 147 688 et
161 632 230 688 tam
247 624 432 708 perturbato
448 630 535 691 statu
550 625 691 690 civitatis
706 625 994 693 fructuosissimam
1010 650 1077 692 esse
1093 625 1324 712 professionem

112 725 216 792 bonae
229 729 416 809 voluntatis,
425 751 625 814 magnosque
637 729 774 795 honores
789 752 830 795 ex
842 753 880 797 ea
894 755 928 796 re
945 731 1126 817 complures
1141 733 1327 794 consecutos

112 829 283 909 videbam
306 832 372 910 sed,
396 854 471 897 cnm
492 832 527 896 in
548 854 623 898 eum
645 854 754 898 casum
774 856 827 899 me
846 833 980 899 fortuna
1003 832 1194 912 demisisset,
1209 836 1248 897 ut
1270 837 1328 897 aut

112 933 258 999 celeriter
272 934 455 1019 pollicendo
470 957 592 1020 magna
606 936 689 1000 mihi
700 937 768 1021 ipse
784 937 826 1001 ad
841 937 1077 1022 proficiendum
1092 935 1328 1021 impedimenta

113 1058 310 1121 opponerem
336 1041 404 1116 aut,
421 1039 448 1103 si
470 1038 504 1103 in
528 1061 566 1103 θο
588 1039 670 1103 mihi
691 1039 967 1125 temperavissem,
986 1039 1123 1105 maiores
1147 1039 1329 1104 occasiones

114 1140 156 1204 ad
179 1141 410 1226 opitulandum
429 1141 591 1219 haberem,
616 1141 799 1226 expeditius
819 1143 882 1208 iter
904 1143 1084 1208 communis
1098 1142 1213 1207 salutis
1228 1163 1324 1227 quam

113 1265 203 1309 meae
217 1244 325 1308 laudis
340 1267 408 1309 esse
422 1245 520 1309 volui.
567 1244 656 1309 Nam
671 1245 744 1330 quis
758 1245 793 1309 in
816 1268 854 1311 ea
869 1247 1013 1326 fortuna,
1030 1268 1113 1331 quse
1131 1267 1204 1310 mea
1218 1249 1277 1323 est,
1294 1249 1327 1310 et

113 1345 154 1411 ab
169 1369 208 1412 ea
224 1347 301 1426 vita,
322 1370 420 1431 quarn
442 1348 477 1411 in
496 1371 547 1413 me
571 1348 735 1433 cognitum
758 1348 946 1415 hominibus
967 1350 1116 1429 arbitror,
1137 1354 1170 1415 et
1193 1370 1267 1413 cum
1287 1369 1326 1414 ea

112 1471 178 1532 spe,
200 1471 297 1534 quam
325 1451 360 1515 in
387 1450 538 1516 manibus
562 1449 676 1530 habeo,
704 1457 761 1518 aut
785 1453 951 1518 sordidum
976 1454 1153 1539 quidquam
1176 1452 1245 1535 pati
1268 1456 1326 1516 aut

113 1553 328 1637 perniciosum
344 1556 565 1640 concupiscere
587 1555 722 1641 potest?
766 1557 797 1619 3.
822 1555 887 1621 Sed
909 1556 1115 1642 aliquantum
1134 1553 1228 1620 nobis
1242 1560 1324 1619 tem-

114 1656 199 1740 poris
214 1662 247 1722 et
262 1658 375 1744 magni
390 1658 514 1723 labores
536 1664 569 1723 et
592 1658 714 1724 multae
736 1659 901 1744 impensae
917 1682 998 1746 opus
1017 1659 1162 1736 fuerunt,
1178 1662 1226 1737 ut,
1242 1678 1325 1743 quse

113 1759 159 1823 rei
183 1760 332 1844 publicae
356 1761 512 1846 bonisque
538 1760 688 1827 omnibus
711 1763 948 1847 polliceremnr,
972 1763 1063 1827 exitu
1090 1767 1326 1848 praestaremus

112 1884 218 1947 neque
244 1866 285 1929 ad
311 1865 470 1930 auxilium
499 1867 624 1951 patriae
643 1864 725 1930 nudi
749 1888 824 1931 cum
848 1865 934 1932 bona
964 1864 1142 1944 voluntate,
1169 1865 1223 1929 sed
1251 1885 1325 1929 cum

113 1967 324 2033 facultatibus
361 1971 591 2034 accederemus.
646 1969 896 2035 confirmandus
931 1976 999 2033 erat
1032 1968 1192 2033 exercitus
1221 1966 1324 2046 nobis,

113 2072 242 2155 magnis
262 2094 357 2158 saepe
377 2073 529 2158 praemiis
549 2073 750 2153 sollicitatus,
767 2078 804 2138 ut
824 2072 865 2137 ab
885 2095 920 2138 re
941 2071 1070 2158 publica
1092 2071 1200 2158 potins
1214 2072 1325 2136 mode·

112 2177 183 2236 reta
221 2196 318 2258 quam
354 2175 394 2240 cb
429 2198 495 2241 uno
524 2176 655 2242 infinita
685 2185 847 2262 speraret;
885 2175 1125 2242 confirmandae
1156 2175 1325 2259 conplures

112 2275 268 2356 civitates,
280 2300 363 2362 quae
378 2279 540 2364 superiore
556 2302 641 2344 anno
655 2280 884 2367 largitionibus
898 2278 1217 2364 concessionibusque
1232 2300 1323 2364 prae·

112 2380 252 2445 mierum
281 2388 374 2448 erant
403 2383 578 2468 obligatae,
602 2388 640 2449 ut
666 2387 699 2450 et
727 2384 786 2449 illa
809 2406 894 2449 vana
918 2387 1071 2469 putarent
1101 2387 1133 2448 et
1163 2383 1276 2447 eadem
1305 2403 1326 2445 a

112 2483 299 2549 melioribus
336 2487 519 2552 auctoribus
558 2489 698 2573 petenda
732 2486 976 2564 existimarent3
1014 2484 1189 2550 eliciendae
1225 2483 1324 2549 etiam

115 2586 299 2652 voluntates
335 2589 546 2675 reliquorum,
583 2591 640 2676 qui
675 2590 823 2655 finitimis
860 2590 1034 2675 provinciis
1067 2586 1324 2671 exercitibusque

114 2690 340 2775 praefuerunt,
356 2697 394 2757 ut
410 2695 518 2777 potius
534 2717 606 2759 cum
623 2692 771 2779 pluribus
790 2693 976 2759 societatem
991 2693 1213 2757 defendendae
1227 2688 1324 2755 liber·

116 2930 180 2979 wish
192 2935 217 2979 to
228 2946 293 2980 seem
306 2939 332 2980 to
343 2931 407 2980 have
424 2932 495 2980 made
510 2947 540 2980 an
553 2935 695 2981 stonement
777 2930 830 2997 sps]
865 2929 932 2980 'rhet
952 2929 980 2979 of
1001 2929 1045 2979 the
1064 2927 1215 2993 consulship,
1239 2928 1324 2979 which

115 2994 155 3045 for
165 3010 181 3044 a
191 3002 247 3057 past
263 2996 336 3052 fault,
350 2997 395 3044 but
413 3011 477 3056 ncw,
496 2996 523 3045 in
538 2999 581 3045 the
598 2997 695 3046 fulncss
745 2995 853 3046 Plancus
864 3011 916 3044 was
927 3001 953 3045 tc
964 2994 1023 3044 hold
1034 3001 1096 3045 next
1107 3009 1173 3058 year.

114 3059 221 3122 citime,
235 3068 262 3109 to
279 3061 308 3109 be
326 3062 419 3124 stating
436 3060 504 3110 what
518 3076 533 3109 a
546 3061 614 3124 loysl
625 3060 695 3110 mind
777 3059 913 3125 sordidam]
944 3059 1085 3124 ‘disgrace'
1099 3060 1172 3122 (from
1183 3057 1323 3109 connexion

115 3124 159 3172 hus
171 3123 233 3174 been
245 3125 304 3188 long
315 3125 470 3189 pondcring.’
745 3125 808 3174 with
818 3126 931 3190 Antony)
944 3141 950 3184 ;
961 3127 1131 3185 ennianum,
1146 3122 1321 3188 ‘dangcrcns,’

149 3192 172 3237 2.
192 3189 334 3255 cosrsplrnsa]
369 3189 475 3238 Watson
487 3188 692 3253 mentionshcpi-
744 3197 770 3239 to
781 3189 824 3239 the
835 3195 907 3239 state.

116 3255 170 3312 dus,
188 3254 316 3314 Octavian,
337 3255 501 3318 Egrnctuleius
519 3255 595 3321 (Phil.
612 3270 637 3303 v.
651 3257 692 3316 41,
778 3258 801 3303 3.
820 3252 1002 3319 opnssnerunt]
1038 3253 1087 3302 For
1098 3253 1148 3302 this
1156 3252 1323 3327 personsluss

116 3322 155 3377 46,
171 3320 222 3381 62).
744 3318 772 3367 of
782 3334 903 3380 cpusesse,
917 3335 955 3382 cp.
973 3318 1012 3368 Dc
1030 3318 1129 3367 invent.
1145 3317 1171 3365 ir.
1184 3319 1229 3374 67;
1250 3318 1321 3367 Fam.

149 3383 291 3448 desisteret]
325 3400 363 3446 cp.
378 3384 449 3433 Fam.
466 3384 502 3433 ix.
519 3384 659 3459 l,4(456).
744 3383 771 3433 ii.
791 3387 814 3446 6,
835 3387 850 3432 t
870 3385 956 3447 (177);
984 3383 1067 3432 Plaut.
1092 3382 1163 3445 Ospt.
1188 3383 1206 3431 i.
1231 3385 1254 3443 2,
1280 3384 1320 3444 66,

149 3451 182 3495 nd
193 3451 369 3511 proficiendnm
388 3447 567 3514 lanpedinsenta]
604 3449 694 3497 ‘hrnd-
743 3451 870 3496 nssrs'tums'
881 3451 970 3497 milltes
981 3463 1039 3509 opus
1050 3455 1106 3495 stent
1117 3447 1171 3495 esci.

116 3528 201 3562 rences
218 3519 243 3561 to
260 3512 335 3576 doing
351 3530 401 3577 any
418 3513 537 3563 service’:
556 3530 595 3576 cp.
607 3514 647 3562 for
663 3515 696 3560 nd
776 3516 844 3562 exitu
851 3512 1043 3578 praestas-emus]
1064 3509 1323 3574 ‘eventuallyfulflh'

116 3577 693 3640 atterennntnensun,Roscnm.149;Caes.
777 3580 837 3626 nudi
856 3614 862 3627 .
883 3614 889 3627 .
910 3614 916 3626 .
928 3576 1103 3642 serenitatibus]
1139 3584 1197 3624 ‘not
1208 3575 1324 3625 nahedof

119 3642 147 3689 ll.
162 3641 193 3690 G.
206 3641 234 3689 ii.
249 3643 288 3700 26,
305 3647 334 3701 1;
355 3642 384 3690 B.
399 3643 427 3691 C.
441 3643 459 3691 i.
473 3646 513 3705 62,
527 3647 552 3691 2.
744 3658 837 3704 means,
849 3642 965 3693 however
981 3641 1048 3707 loysl
1064 3641 1092 3690 in
1107 3640 1186 3698 beart,
1199 3640 1245 3688 but
1261 3639 1323 3689 with

149 3705 296 3768 expeditius]
315 3706 448 3756 ‘Iwished
458 3707 514 3757 that
524 3708 594 3756 there
606 3706 694 3756 should
744 3707 883 3758 resources‘
898 3707 1010 3770 (Jcsns);
1026 3710 1087 3755 ‘not
1098 3705 1125 3754 in
1136 3704 1178 3753 the
1186 3704 1325 3754 nnlrcdness

117 3772 146 3819 be
159 3771 206 3820 less
217 3771 339 3819 obstaclcs
350 3771 377 3820 in
388 3771 431 3820 the
447 3788 504 3836 way
515 3771 543 3821 ot
559 3772 601 3821 the
612 3772 694 3835 safety
745 3772 772 3820 ol
784 3787 849 3821 mere
860 3771 966 3836 loyclty,
979 3772 1025 3820 but
1037 3770 1098 3820 with
1115 3768 1258 3818 resources!

117 3836 144 3883 ol
162 3837 203 3884 the
220 3844 284 3883 state
301 3835 363 3884 than
379 3836 406 3884 in
422 3836 465 3885 the
481 3836 542 3900 path
559 3838 587 3886 ol
602 3852 643 3901 my
655 3852 693 3886 rc·
777 3837 932 3903 sollicitatus]
965 3836 1001 3900 by
1019 3837 1129 3898 Antony‚
1151 3833 1208 3881 who
1230 3833 1252 3882 is
1271 3833 1324 3883 also

117 3902 212 3949 nownss
745 3901 853 3951 referred
864 3908 890 3950 to
901 3901 928 3950 in
939 3916 995 3949 uno.

150 3968 179 4012 nl
197 3981 224 4012 en
244 3964 308 4030 rita]
346 3966 424 4014 ‘alter
440 3965 496 4014 that
515 3965 560 4014 lite
577 3963 693 4014 whichI
777 3966 1003 4028 concessionibusque
1033 3959 1209 4036 praesnlorsm]
1270 3961 1324 4026 ‘by

117 4030 190 4079 think
202 4030 223 4078 ia
235 4030 327 4078 known
339 4037 364 4080 to
375 4046 432 4079 men
442 4029 470 4078 in
481 4045 524 4094 my
535 4030 609 4079 csse.’
646 4029 696 4079 For
745 4038 831 4095 granta
842 4031 869 4078 cl
880 4029 1013 4094 privileges
1023 4029 1038 4077 ’:
1053 4045 1091 4091 cp.
1107 4026 1173 4076 Phil.
1187 4026 1214 4075 ir.
1227 4029 1267 4085 92,
1276 4026 1321 4087 97;

117 4098 153 4153 ab,
175 4095 274 4152 ‘alten’
288 4112 327 4158 cp.
342 4096 413 4144 Fam.
423 4094 477 4143 viii.
491 4098 514 4156 4,
532 4099 542 4143 l
558 4096 635 4160 (206),
646 4094 695 4143 and
746 4094 784 4144 iii.
797 4098 845 4154 30;
865 4097 918 4144 Art.
933 4094 985 4144 xiv.
1001 4097 1039 4155 12,
1055 4097 1066 4142 1
1082 4094 1160 4156 (716).

116 4170 182 4208 note.
219 4159 245 4208 lt
265 4160 286 4207 is
305 4175 335 4209 ve
385 4175 496 4209 common
517 4159 544 4208 in
565 4159 638 4224 Livy,
656 4175 694 4222 cp.
779 4176 794 4207 a
810 4160 946 4208 castioribus
962 4157 1110 4224 auctoribus]
1146 4156 1272 4221 ‘bymorc
1287 4155 1325 4206 ls-

117 4224 199 4289 Rcby‚
215 4225 225 4288 q
242 4228 313 4276 1807.
336 4177 394 4274 yilor
403 4228 429 4273 s'n
438 4247 457 4265 =
472 4224 515 4272 ‘in
526 4224 569 4273 the
580 4240 636 4274 csse
647 4224 693 4284 cf,'
746 4224 859 4289 gitimate
870 4226 979 4275 donors.'

117 4306 155 4352 cp.
163 4290 229 4338 Phil.
241 4290 292 4338 xiv.
305 4294 328 4351 9,
340 4293 433 4352 quaein
440 4291 605 4338 Parmensium
615 4290 697 4337 liboris
774 4290 938 4351 praefuerunt
991 4288 1039 4338 We
1062 4287 1151 4337 should
1172 4293 1216 4336 not
1237 4285 1324 4335 follow

116 4364 137 4402 et
151 4358 288 4416 corrinps'bus
299 4357 420 4418 effecerim
436 4354 512 4418 Verg.
526 4353 625 4404 henli.
637 4356 694 4412 541,
747 4353 886 4415 Manutius,
943 4355 1070 4417 esenberg,
1092 4353 1142 4401 and
1159 4351 1279 4411 Rhodius,
1298 4349 1325 4399 in

120 4421 187 4468 latis
210 4423 235 4468 in
258 4422 324 4468 hosts
339 4420 396 4482 suit
419 4421 528 4479 Priusne,
548 4419 640 4483 quoted
661 4418 695 4483 by
746 4419 854 4483 altering
874 4427 900 4468 to
917 4427 1043 4480 praesunt.
1090 4417 1144 4465 'l'he
1166 4414 1276 4464 remarks
1297 4413 1326 4464 ci

117 4484 198 4548 Rnuy,
214 4485 225 4548 6
241 4488 311 4536 1918.
747 4478 1326 4547 Plsncussllspplytctbepast:heisthinlring
