3022 5444
431 394 620 463 DOOOC'X
627 394 664 463 V.
691 395 843 481 (BRUT.
866 399 898 465 I.
921 400 988 483 18).
1250 396 1314 464 261

117 587 383 672 quamprimum.
429 586 564 653 Summa
580 591 629 654 est
643 589 838 675 exspectatio
857 589 926 670 tui3
943 589 1029 675 quod
1043 588 1071 655 si
1085 587 1219 654 Italiam
1240 588 1317 654 atti-

117 689 215 776 geris,
243 691 284 756 ad
308 695 342 756 te
371 712 543 757 concursus
567 691 623 758 flet
647 693 812 759 omnium:
847 693 914 760 sire
938 693 1026 759 enim
1048 692 1318 780 vicerimus-qui

117 793 249 878 quidem
274 794 489 880 pulcherrime
508 795 696 877 viceramus,
726 797 790 862 nisi
819 795 964 883 Lepidus
992 797 1125 882 perdere
1151 794 1261 862 omnia
1284 798 1318 862 et

116 897 221 983 perire
243 899 312 984 ipse
334 920 407 963 cum
429 899 496 964 suis
518 900 805 985 concupivisset-,
829 905 887 966 tua
908 899 1001 966 nobis
1023 899 1213 966 auctoritate
1235 921 1317 986 opus

117 1001 231 1067 estad
255 1002 479 1068 collocandum
504 1002 647 1088 aliquem
672 1003 813 1070 civitatis
842 1007 985 1083 statum;
1008 1002 1075 1068 sive
1101 1003 1200 1068 etiam
1229 1025 1319 1069 nuno

116 1107 279 1170 certamen
301 1106 463 1191 reliquum
486 1110 544 1187 est,
560 1107 704 1173 maxima
726 1130 797 1194 spes
819 1111 867 1174 est
882 1129 955 1173 oum
975 1108 1012 1173 in
1034 1107 1225 1173 auctoritate
1246 1109 1315 1188 tua,

116 1210 187 1273 tum
203 1207 239 1273 in
254 1211 413 1275 exercitus
435 1211 486 1276 tui
505 1209 638 1276 viribus.
684 1209 749 1276 Sed
767 1232 913 1298 propera,
933 1232 991 1297 per
1008 1211 1103 1277 deos!
1127 1211 1197 1291 sais,
1213 1232 1316 1297 quan·

115 1314 188 1377 tum
210 1312 253 1377 sit
273 1312 308 1378 in
328 1311 538 1399 temporibus,
562 1313 780 1400 quantumin
802 1315 974 1381 celeritate.
1020 1315 1072 1380 13.
1095 1312 1220 1379 Sororis
1241 1317 1317 1379 tuae

115 1413 192 1480 tiliis
214 1438 311 1501 quam
335 1417 509 1502 diligenter
532 1418 708 1499 consulam,
724 1439 816 1504 spero
836 1421 868 1483 te
889 1440 929 1482 ex
950 1416 1064 1482 matris
1085 1420 1117 1482 et
1140 1439 1180 1482 ex
1201 1416 1319 1482 sororis

116 1518 237 1585 litteris
260 1521 488 1606 cogniturum:
512 1521 633 1608 quain
655 1543 751 1587 causa
768 1520 922 1588 maiorem
943 1519 1046 1587 habeo
1067 1520 1225 1585 rationem
1242 1525 1318 1585 tuae

116 1624 305 1705 voluntatis,
329 1647 411 1710 quae
433 1626 516 1690 mihi
537 1625 702 1691 carissima
723 1628 782 1707 cst,
798 1648 906 1711 quam,
921 1630 959 1691 ut
981 1625 1172 1712 quibusdem
1194 1624 1315 1704 videor,

116 1727 318 1794 constantiae
339 1751 448 1810 meae3
472 1730 528 1795 sed
550 1751 612 1816 ego
633 1729 725 1796 nulla
746 1729 782 1797 in
796 1752 831 1796 re
853 1730 937 1796 malo
955 1751 1054 1817 quarn
1067 1733 1100 1793 in
1122 1732 1157 1796 te
1177 1728 1317 1795 amando

116 1835 266 1898 constans
280 1837 313 1898 et
327 1854 394 1899 esse
409 1837 443 1898 et
456 1832 570 1899 videri.

199 2216 423 2283 Dccccxv.
484 2215 654 2284 CICERO
677 2217 735 2286 ΤΟ
758 2218 951 2287 BRUTUS
976 2219 1099 2301 (Bnur.
1123 2240 1147 2283 1.
1172 2219 1227 2300 rs).

249 2413 360 2467 noun3
385 2413 470 2458 suar
485 2413 539 2474 273
562 2416 594 2459 Α.
612 2415 646 2460 u.
663 2415 690 2460 c.
707 2410 773 2475 711;
796 2416 829 2459 11.
845 2415 872 2459 c.
888 2413 941 2469 43;
966 2415 1040 2459 aar.
1058 2416 1118 2459 otc.
1137 2412 1178 2460 oo.

164 2575 251 2627 Cicero
262 2577 347 2626 scribit
359 2578 389 2628 de
401 2580 523 2630 exercitus
534 2580 561 2629 in
573 2579 674 2630 Italiam
687 2579 824 2630 adducendi
840 2578 994 2641 necessitate,
1007 2580 1037 2629 da
1050 2578 1216 2629 sollicitudine
1230 2594 1276 2629 sus
1285 2579 1313 2629 in

111 2657 243 2708 retinendo
256 2658 360 2710 Octavio
371 2676 415 2723 pro
426 2677 476 2725 quo
491 2663 654 2726 spoponderat
667 2678 724 2728 pop.
734 2661 854 2725 Romano,
868 2662 898 2712 dc
912 2660 949 2712 rei
959 2660 1113 2725 pecuniarias
1123 2659 1275 2720 difficultate,
1288 2665 1316 2711 ct

110 2740 141 2790 de
152 2738 241 2803 Lepidi
251 2739 320 2790 filiis.

525 2848 657 2904 CICERO
676 2849 799 2905 BRUTO
817 2850 897 2905 SAL.

179 2995 209 3060 l.
234 2993 318 3061 Oum
332 3016 426 3082 saepe
446 3000 480 3061 to
500 2995 619 3062 litteris
638 2994 786 3063 hortatus
806 3018 917 3077 essem,
932 3000 970 3062 ut
992 3018 1089 3083 quam
1106 2994 1249 3082 primum
1262 2996 1310 3062 rei

111 3096 262 3184 pubhcae
282 3096 468 3165 subvenires
485 3099 520 3164 in
536 3098 734 3186 Italiamque
755 3101 930 3166 exercitum
952 3100 1136 3180 adduceres,
1156 3120 1260 3184 neque
1274 3099 1310 3165 id

109 3200 283 3268 arbitrarer
298 3200 447 3268 dubitare
460 3208 535 3269 tuos
554 3205 758 3285 necessarios,
780 3207 913 3290 rogatus
926 3225 998 3268 sum
1019 3226 1039 3269 a
1057 3202 1310 3290 prudentissima

107 3309 141 3370 et
171 3305 422 3392 diligentissima
446 3307 581 3386 famina,
611 3312 715 3374 matre
744 3313 811 3388 tua,
838 3307 929 3372 cuius
954 3328 1064 3373 omnes
1089 3328 1183 3371 curae
1207 3305 1250 3372 ad
1274 3312 1308 3372 te

108 3409 295 3476 referuntur
310 3417 343 3476 ct
357 3412 393 3476 in
408 3414 442 3476 te
456 3417 702 3493 consumuntur,
718 3417 757 3477 ut
770 3411 915 3477 venirem
933 3413 975 3477 ad
990 3433 1023 3476 se
1039 3433 1068 3476 a.
1085 3412 1116 3476 d.
1133 3432 1210 3474 vui.
1226 3408 1305 3475 Kal.

142 3588 280 3652 vicerimus]
314 3605 352 3651 cp.
366 3593 422 3650 910,
436 3593 459 3651 3,
472 3592 522 3641 and
532 3600 598 3643 note.
732 3591 776 3643 tho
792 3597 858 3642 most
874 3590 1002 3642 beart-tolt
1020 3591 1101 3641 words
1118 3589 1204 3652 spring
1221 3596 1247 3638 to
1265 3587 1306 3639 his

140 3654 168 3700 in
179 3656 320 3701 auctoritate
361 3658 388 3703 in
400 3672 450 3704 was
461 3657 539 3707 added
549 3656 584 3721 by
595 3657 681 3708 Cobet.
733 3657 789 3721 lips,
798 3675 826 3707 as
833 3658 855 3706 it
864 3656 896 3707 he
907 3656 980 3706 could
990 3655 1094 3718 thercby
1103 3670 1179 3703 warna
1190 3653 1232 3703 tho
1240 3652 1304 3716 oold,

106 3715 134 3766 It
149 3715 174 3791 is
186 3717 238 3766 also
254 3717 316 3766 saun
350 3718 454 3770 insama
469 3737 524 3784 uss,
540 3737 592 3786 eg.
605 3722 682 3773 Drss·
733 3722 883 3785 calculating
894 3721 963 3770 mind
974 3718 1151 3782 ofhisiricnd‚
1161 3719 1210 3767 and
1220 3717 1305 3782 bytho

106 3782 197 3831 denus·
732 3803 817 3849 power
837 3787 865 3836 oi
885 3785 926 3835 his
947 3790 1033 3847 strong
1053 3784 1148 3846 feeling
1169 3799 1239 3846 carry
1261 3781 1305 3833 tho

142 3849 181 3895 13.
200 3847 372 3913 Scrcristaae]
408 3848 457 3898 She
468 3866 520 3900 was
530 3850 573 3900 the
583 3850 644 3902 wite
655 3850 682 3901 oi
731 3852 802 3902 other
811 3867 884 3914 away
895 3850 956 3900 with
968 3848 1039 3898 him.’
1067 3845 1305 3898 Schmidthasdons

105 3909 224 3974 Lepidus.
268 3911 329 3961 This
346 3913 483 3964 connexion
504 3915 617 3965 between
638 3916 682 3967 tha
730 3932 798 3965 more
817 3915 878 3965 than
897 3929 993 3977 anyone
1010 3913 1097 3963 olseto
1110 3918 1156 3976 put
1170 3912 1213 3962 the
1232 3911 1303 3961 char·

105 3975 215 4026 familias
236 3976 264 4026 of
285 3976 379 4026 Brutus
398 3978 448 4027 and
466 3978 574 4042 Lepidus
594 3983 616 4029 is
636 3982 680 4031 the
730 3988 809 4031 actcrs
825 3980 852 4030 oi
868 3979 953 4029 Cicero
969 3980 1019 4027 and
1029 3978 1123 4027 Brutus
1140 3978 1167 4027 in
1182 3977 1226 4026 tbe
1236 3976 1305 4040 right

105 4056 193 4090 raason
204 4041 263 4105 why
271 4040 357 4091 Cicero
367 4043 424 4092 isso
436 4043 540 4093 anxious
551 4051 577 4094 to
587 4045 681 4110 justiiy
729 4045 803 4110 light.

105 4112 132 4154 to
159 4105 252 4155 Brutus
279 4106 319 4155 his
347 4113 480 4158 treatment
506 4110 535 4158 of
561 4108 679 4172 Lepidus.

107 4169 221 4219 Schmidt
244 4170 341 4233 (Jahrb.
368 4175 438 4235 1890,
463 4189 487 4236 p.
514 4174 569 4237 1³3)
592 4174 681 4240 finally

104 4237 265 4298 saysz-‘At
281 4236 324 4285 tha
340 4237 388 4286 end
404 4237 431 4287 oi
447 4237 497 4287 this
518 4238 578 4303 long
599 4240 680 4301 letter,
767 4243 788 4288 1.
806 4239 887 4354 sscpq]
915 4237 1003 4303 Meyer
1015 4238 1048 4301 (p.
1063 4237 1103 4301 19)
1115 4235 1306 4302 quotcsalargs

107 4298 216 4349 Cicero's
227 4317 304 4349 warm
316 4301 387 4351 beart
397 4302 480 4352 malros
490 4302 543 4352 him
553 4305 682 4368 iorgetsll
730 4304 866 4355 numbero
896 4302 990 4353 similar
1006 4303 1181 4361 exhortatione,
1201 4303 1258 4361 897,
1279 4303 1303 4361 l,

104 4362 229 4414 irritatior
246 4372 272 4414 at
291 4366 334 4415 the
361 4372 377 4395 ‘⁸
387 4367 633 4418 three-line·lctter'’
653 4368 682 4419 of
730 4372 755 4431 4,
768 4372 799 4429 6;
812 4373 868 4432 902,
880 4373 894 4419 3
905 4385 912 4428 ;
925 4371 981 4431 909,
995 4372 1018 4427 2,
1031 4371 1062 4427 33
1075 4371 1132 4429 913,
1144 4370 1176 4425 23
1194 4369 1251 4428 911,
1264 4366 1303 4415 11.

105 4427 207 4493 Brutus,
227 4431 262 4480 all
284 4431 427 4481 contentiori
448 4432 524 4483 about
541 4431 679 4485 Octavian:
763 4434 906 4501 metretae]
940 4432 1054 4484 Servilia.
