3022 5444
421 462 633 530 oooxorr.
660 462 784 547 (rurs.
808 464 895 529 xrr.
920 463 991 550 aa).
1271 467 1315 533 17

99 653 264 718 adducere
286 656 319 717 ot
341 652 376 717 in
404 649 581 716 eervieibus
606 649 728 716 nostris
754 650 931 716 conlocare.
979 653 1010 715 3.
1034 650 1150 718 Habes
1176 652 1316 720 formam

101 756 150 820 rei
173 755 332 841 publicae,
356 755 385 819 si
410 755 446 819 in
471 754 587 820 eastris
609 759 720 841 potest
742 775 810 819 esse
831 776 883 819 res
905 753 1057 841 publioa;
1081 755 1117 821 in
1137 778 1201 842 quo
1221 762 1315 824 tuam

103 859 208 924 vicem
234 881 329 944 saepe
354 859 458 938 doleo,
485 843 573 944 quod
602 857 729 923 nullam
756 861 884 943 partem
911 881 969 945 per
995 863 1139 925 aetatem
1165 884 1264 928 sanae
1284 869 1318 930 et

101 962 214 1027 salvae
243 962 293 1027 rei
321 962 472 1048 publicae
501 965 636 1048 gustare
664 961 813 1048 potuisti.
873 962 986 1049 Atque
1015 963 1155 1030 antehae
1184 967 1319 1051 quidem

101 1087 233 1149 sperare
249 1065 366 1131 saltem
381 1065 519 1145 lieebat3
543 1088 631 1130 nuno
647 1065 797 1131 etiamid
813 1072 963 1153 ereptum
979 1071 1048 1133 est:
1066 1091 1149 1154 quae
1164 1069 1252 1135 enim
1268 1079 1319 1137 est

101 1189 186 1253 spes,
203 1190 276 1233 eum
291 1169 327 1233 in
350 1169 500 1235 contione
521 1169 627 1234 dieere
642 1191 740 1234 ausus
756 1170 798 1235 sit
813 1169 983 1236 Antonius
1006 1169 1209 1238 Cannutium
1228 1175 1318 1259 apud

101 1294 160 1337 eos
175 1271 284 1337 loeum
300 1272 362 1338 sibi
379 1295 541 1359 quaerere,
558 1271 677 1358 quibus
697 1295 731 1338 se
751 1272 841 1339 salvo
857 1274 948 1339 loous
962 1274 999 1340 in
1014 1275 1147 1341 civitate
1162 1298 1230 1342 esse
1245 1300 1314 1343 uon

105 1375 241 1460 posset?
286 1378 317 1439 4.
342 1375 507 1460 Equidem
537 1379 569 1440 et
599 1374 678 1441 haeo
704 1380 737 1441 et
768 1376 887 1456 omnia,
911 1399 994 1463 quae
1020 1377 1146 1444 homini
1173 1380 1319 1446 aeoidere

106 1483 254 1564 possunt,
271 1479 315 1543 sie
331 1478 411 1559 lero,
428 1485 465 1543 ut
487 1477 712 1565 philosophiae
736 1503 890 1563 magnam
910 1480 1049 1547 habeam
1064 1483 1219 1568 gratiam,
1236 1505 1321 1568 quae

104 1604 159 1647 me
185 1603 252 1646 non
275 1582 371 1647 modo
398 1581 440 1647 ab
462 1581 679 1647 sollieitudine
702 1582 845 1664 abducit,
869 1586 925 1650 sed
948 1587 1048 1651 etiem
1070 1592 1184 1651 eontra
1206 1609 1321 1654 omnes

105 1685 260 1750 fortunae
282 1684 424 1770 impetus
446 1691 560 1765 armat,
587 1685 714 1771 tibique
737 1687 825 1753 idem
851 1710 964 1754 oenseo
987 1689 1180 1754 faciundum
1203 1713 1275 1771 neo,
1301 1715 1322 1758 a

104 1811 171 1876 quo
194 1788 290 1875 eulpa
312 1787 407 1870 absit,
429 1789 602 1875 quiequam
624 1790 659 1855 in
677 1791 773 1856 malis
792 1793 1043 1857 numerandum.
1090 1790 1156 1859 Sed
1178 1792 1259 1861 haeo
1280 1799 1320 1861 tu

105 1892 234 1957 melius.
281 1892 467 1958 Tratorium
481 1898 628 1959 nostrum
644 1915 718 1960 oum
733 1917 859 1980 semper
874 1895 1070 1980 probassem,
1086 1901 1159 1962 tum
1174 1899 1320 1964 maxime

104 1995 141 2060 in
164 1996 232 2061 tuis
253 1996 350 2062 rebus
378 2019 542 2062 summam
570 1998 640 2063 eius
668 1998 778 2079 fidem,
803 1998 1013 2085 diligentiam
1038 2000 1321 2087 prudentiamque

103 2099 253 2183 cognovi.
299 2099 353 2165 Da
375 2121 518 2186 operam,
541 2106 580 2166 ut
602 2101 732 2180 valeas;
756 2103 816 2168 hoo
837 2103 918 2168 mihi
941 2104 1070 2190 gratius
1097 2103 1204 2171 faeere
1232 2104 1319 2170 nihil

107 2207 212 2288 potes.

108 2418 153 2452 use
169 2401 190 2451 is
212 2411 257 2453 not
275 2405 387 2453 oonfiued
406 2412 432 2454 to
453 2403 496 2454 tho
517 2403 685 2452 nominative:
772 2409 796 2451 4.
812 2401 990 2467 philosophiae]
1024 2401 1104 2450 There
1118 2402 1139 2449 is
1155 2418 1188 2450 uo
1202 2403 1280 2452 doubt
1291 2409 1318 2452 at

106 2484 223 2531 compare
234 2469 319 2517 Madv.
332 2485 365 2518 on
378 2469 434 2518 Fin.
448 2469 465 2517 i.
480 2472 520 2516 42.
738 2467 772 2516 ull
791 2467 847 2516 that
866 2465 951 2516 Cicero
968 2466 1017 2514 and
1032 2465 1075 2515 the
1094 2464 1182 2528 higher
1198 2467 1279 2514 minda
1295 2473 1322 2516 at

142 2536 305 2581 internicione
316 2534 446 2599 conlocare]
459 2533 546 2596 epfor
556 2532 599 2581 the
610 2548 686 2595 oppo-
740 2532 817 2580 Rome
837 2532 880 2580 did
896 2530 979 2580 derive
996 2538 1066 2593 great
1085 2530 1237 2578 consolation
1255 2530 1319 2580 from

108 2597 155 2647 sito
176 2598 241 2647 Phil.
262 2598 298 2646 iii.
322 2602 345 2654 8,
366 2614 381 2645 a
402 2598 527 2646 cautritur
546 2599 635 2645 'rastris
652 2605 687 2644 est
739 2594 894 2659 philosophy.
930 2593 975 2642 Dr.
989 2594 1053 2643 Reid
1064 2610 1130 2658 says,
1143 2594 1220 2642 Aoud.
1234 2593 1260 2642 ii.
1274 2596 1315 2654 66,

107 2665 219 2723 depulsus
237 2666 378 2719 Atalantam·
400 2661 457 2710 Mil.
477 2664 517 2714 77.
552 2660 605 2710 'lhe
622 2661 686 2725 sing.
742 2660 888 2723 ‘toalarge
900 2659 998 2722 portion
1008 2658 1035 2708 of
1046 2658 1088 2708 tho
1099 2659 1218 2706 edueated
1230 2658 1320 2708 classes

108 2733 189 2776 cervia
200 2727 221 2776 is
232 2736 277 2777 not
288 2728 367 2777 found
378 2727 404 2775 in
417 2742 486 2788 proso
497 2726 580 2775 before
591 2726 666 2790 Livy.
739 2725 766 2773 of
775 2725 819 2774 the
829 2724 890 2774 time
901 2721 1051 2787 philosophy
1062 2738 1114 2772 was
1124 2737 1151 2770 as
1161 2722 1213 2771 real
1223 2723 1321 2787 athing

145 2796 168 2839 3.
187 2800 252 2840 trram
270 2791 358 2866 uicem]
389 2807 427 2853 cp.
445 2790 508 2839 Phil.
525 2807 551 2838 x.
565 2796 589 2840 6.
624 2790 689 2840 Itis
739 2805 767 2839 as
777 2788 882 2852 religion
893 2787 914 2837 is
924 2796 951 2837 to
962 2788 1005 2837 the
1016 2803 1082 2836 same
1093 2787 1182 2835 classes
1193 2803 1258 2843 now,
1271 2789 1321 2837 and

110 2872 172 2919 very
195 2872 307 2904 remmon
327 2855 389 2904 with
406 2857 491 2903 dolere.
527 2856 604 2903 Andr.
622 2871 688 2904 oom-
739 2854 800 2917 they
811 2854 877 2902 lived
894 2854 929 2917 by
945 2852 966 2901 it
980 2855 1034 2916 just
1051 2867 1078 2900 as
1092 2850 1186 2899 muoh.’
1222 2851 1320 2901 Thetis

109 2935 181 2983 paros
198 2921 268 2968 Fam.
287 2918 321 2968 iv.
339 2922 362 2979 t,
381 2923 395 2967 2
409 2920 478 2994 (655)
493 2934 499 2971 ς
518 2922 570 2968 Ate.
587 2919 622 2967 iv.
638 2924 686 2976 s‚l
739 2925 809 2973 true;
828 2919 874 2966 but
891 2933 928 2967 vve
942 2922 1008 2965 must
1021 2915 1073 2964 also
1089 2915 1225 2965 remamber
1239 2916 1321 2966 thala

112 2986 198 3049 (110);
217 2986 251 3032 vi.
272 2987 293 3042 3,
315 2988 330 3031 4
350 2984 432 3047 (264ss
450 2983 504 3031 vrii.
526 2987 548 3045 2,
568 2989 582 3032 2
603 2986 687 3044 (332);
740 2983 907 3031 considerable
918 2981 1011 3030 sertion
1022 2980 1048 3029 of
1061 2980 1131 3029 those
1143 2981 1253 3029 Romans
1264 2981 1322 3031 vvho

114 3051 152 3103 15.
167 3054 180 3098 3
195 3051 270 3111 (350).
740 3048 837 3096 studied
849 3045 996 3109 philosophy
1007 3045 1049 3094 did
1064 3050 1108 3095 not
1121 3045 1152 3095 do
1164 3060 1191 3094 so
1202 3051 1229 3094 to
1242 3045 1321 3096 finds

141 3131 187 3174 per
200 3111 313 3177 aetutem]
347 3110 494 3161 Cornificius
513 3111 555 3160 (lid
572 3118 616 3161 not
630 3111 690 3160 hold
740 3111 887 3161 ruleoflils.
913 3109 1032 3160 cicerone
1050 3109 1100 3159 sof
1111 3108 1172 3160 Cato
1181 3109 1257 3173 (Mur.
1268 3114 1321 3174 62),

111 3179 154 3228 tho
166 3179 344 3242 ‹yrrseshrrship
357 3176 440 3225 which
452 3193 502 3225 war
517 3176 560 3225 the
573 3177 625 3225 first
636 3182 690 3238 step
742 3177 809 3224 Haec
828 3179 872 3236 (se.
892 3174 937 3225 the
953 3173 1019 3224 Stoic
1062 3175 1172 3239 dogmas)
1193 3177 1260 3224 honre
1280 3179 1321 3224 in·

112 3244 139 3292 in
151 3244 193 3291 the
205 3259 286 3292 career
296 3243 323 3291 of
334 3244 411 3301 office,
425 3241 491 3290 until
503 3245 550 3292 706
563 3242 630 3304 (48);
649 3256 687 3304 op.
737 3243 922 3302 yeniosirsioms,
943 3242 980 3288 H.
1002 3241 1068 3300 Calo,
1085 3241 1221 3288 emtoribus
1237 3242 1320 3288 erodi·

112 3308 175 3357 Bell.
190 3308 261 3356 Alex.
274 3311 314 3364 42,
328 3311 351 3356 2.
741 3307 1084 3365 tissimisinduetusarripuit,
1096 3320 1169 3367 nequae
1175 3306 1318 3365 disputaverit

147 3370 303 3436 Caravantium]
337 3388 375 3435 cp.
389 3379 446 3420 noto
457 3376 484 3420 to
496 3371 566 3419 Fam.
579 3370 623 3419 xii.
638 3373 660 3430 3,
675 3373 689 3418 2
740 3385 819 3430 sarua,
834 3375 861 3417 ut
873 3385 959 3430 mwna
966 3385 1035 3429 pars,
1049 3370 1090 3416 sed
1101 3372 1138 3417 ita
1149 3371 1252 3417 vivendi.

111 3438 191 3499 (791).
773 3450 789 3482 a
811 3432 868 3499 qvae]
913 3433 967 3482 'l'ha
988 3435 1134 3482 antecedant
1155 3432 1177 3483 is
1200 3432 1322 3499 probably

146 3500 291 3581 cipridem]v
306 3517 340 3549 sc.
353 3500 558 3577 thoLiberators.
657 3563 662 3573 ι
740 3501 874 3560 quicquam.
910 3497 960 3546 For
974 3497 1157 3572 rulpaoapplied
1171 3503 1323 3547 tonneuter

111 3563 690 3694 ...lll‘tulthiltlllfblihildis
741 3578 856 3689 {tillo
872 3562 1086 3688 {dedititia
1099 3563 1325 3688 &titillet

112 3695 146 3744 he
156 3695 218 3743 lives
237 3695 273 3769 (as
283 3694 315 3742 he
330 3695 402 3754 said),
415 3694 484 3781 there
497 3699 588 3743 cannot
598 3692 692 3743 romain
742 3694 822 3740 aniano
827 3691 895 3751 sorti
906 3691 1003 3767 foram..
1154 3756 1159 3766 .

109 3758 449 3888 tldfihthttttia
462 3757 576 3871 ...lib
589 3759 693 3872 titt
743 3753 1062 3884 ulfftlt‘htlllll,
1078 3768 1190 3884 lust}
1204 3753 1325 3868 etti?

109 3891 270 3938 civitatum
281 3890 437 3950 nonpourit.
747 3888 785 3944 1³,
799 3887 813 3937 7
826 3886 911 3950 (483);
931 3884 968 3935 ix.
981 3887 1004 3945 2,
1018 3885 1033 3934 6
1046 3884 1125 3947 (461).
