<?xml version="1.0" encoding="UTF-8"?>
<!DOCTYPE html PUBLIC "-//W3C//DTD XHTML 1.0 Transitional//EN"
    "http://www.w3.org/TR/xhtml1/DTD/xhtml1-transitional.dtd">
<html xmlns="http://www.w3.org/1999/xhtml" xml:lang="en" lang="en">
 <head>
  <title>
</title>
<meta http-equiv="Content-Type" content="text/html;charset=utf-8" />
  <meta name='ocr-system' content='tesseract 3.04.00' />
  <meta name='ocr-capabilities' content='ocr_page ocr_carea ocr_par ocr_line ocrx_word'/>
</head>
<body>
  <div class='ocr_page' id='page_1' title='image "./correspondencem01cicegoog_0378.png"; bbox 0 0 3022 5444; ppageno 0'>
   <div class='ocr_carea' id='block_1_1' title="bbox 430 416 1320 506">
    <p class='ocr_par' dir='ltr' id='par_1_1' title="bbox 430 416 1320 506">
     <span class='ocr_line' id='line_1_1' title="bbox 430 416 1320 506; baseline 0.008 -23"><span class='ocrx_word' id='word_1_1' title='bbox 430 416 686 487; x_wconf 77' lang='lat' dir='ltr'>noooomv.</span> <span class='ocrx_word' id='word_1_2' title='bbox 713 416 868 503; x_wconf 81' lang='lat' dir='ltr'>(sear.</span> <span class='ocrx_word' id='word_1_3' title='bbox 888 418 922 484; x_wconf 77' lang='grc' dir='ltr'>Ι.</span> <span class='ocrx_word' id='word_1_4' title='bbox 944 420 1013 506; x_wconf 85' lang='lat'>15).</span> <span class='ocrx_word' id='word_1_5' title='bbox 1254 423 1320 490; x_wconf 83' lang='lat' dir='ltr'>sss</span> 
     </span>
    </p>
   </div>
   <div class='ocr_carea' id='block_1_2' title="bbox 108 602 1315 2454">
    <p class='ocr_par' dir='ltr' id='par_1_2' title="bbox 108 602 1315 2454">
     <span class='ocr_line' id='line_1_2' title="bbox 116 602 1315 692; baseline 0.003 -18"><span class='ocrx_word' id='word_1_6' title='bbox 116 611 220 674; x_wconf 88' lang='lat' dir='ltr'>terna.</span> <span class='ocrx_word' id='word_1_7' title='bbox 258 605 410 692; x_wconf 76' lang='lat' dir='ltr'>Suspicor</span> <span class='ocrx_word' id='word_1_8' title='bbox 423 605 507 671; x_wconf 93' lang='lat' dir='ltr'>illud</span> <span class='ocrx_word' id='word_1_9' title='bbox 521 604 583 671; x_wconf 87' lang='lat' dir='ltr'>tibi</span> <span class='ocrx_word' id='word_1_10' title='bbox 597 604 707 671; x_wconf 91' lang='lat' dir='ltr'>minus</span> <span class='ocrx_word' id='word_1_11' title='bbox 720 602 862 692; x_wconf 83' lang='lat' dir='ltr'>probari,</span> <span class='ocrx_word' id='word_1_12' title='bbox 877 607 995 691; x_wconf 90' lang='lat' dir='ltr'>quoda</span> <span class='ocrx_word' id='word_1_13' title='bbox 1008 607 1075 674; x_wconf 90' lang='lat' dir='ltr'>tuis</span> <span class='ocrx_word' id='word_1_14' title='bbox 1088 607 1315 692; x_wconf 83' lang='lat' dir='ltr'>familiaribus,</span> 
     </span>
     <span class='ocr_line' id='line_1_3' title="bbox 115 707 1314 802; baseline 0.004 -24"><span class='ocrx_word' id='word_1_15' title='bbox 115 711 247 798; x_wconf 93' lang='lat' dir='ltr'>optimis</span> <span class='ocrx_word' id='word_1_16' title='bbox 270 710 336 776; x_wconf 91' lang='lat' dir='ltr'>illis</span> <span class='ocrx_word' id='word_1_17' title='bbox 357 709 489 795; x_wconf 91' lang='lat' dir='ltr'>quidem</span> <span class='ocrx_word' id='word_1_18' title='bbox 503 708 591 789; x_wconf 91' lang='lat' dir='ltr'>viris,</span> <span class='ocrx_word' id='word_1_19' title='bbox 614 708 672 774; x_wconf 93' lang='lat' dir='ltr'>sed</span> <span class='ocrx_word' id='word_1_20' title='bbox 691 708 778 774; x_wconf 90' lang='lat' dir='ltr'>inre</span> <span class='ocrx_word' id='word_1_21' title='bbox 800 707 933 795; x_wconf 88' lang='lat' dir='ltr'>publica</span> <span class='ocrx_word' id='word_1_22' title='bbox 953 709 1098 793; x_wconf 89' lang='lat' dir='ltr'>rudibus,</span> <span class='ocrx_word' id='word_1_23' title='bbox 1114 734 1181 779; x_wconf 92' lang='lat' dir='ltr'>non</span> <span class='ocrx_word' id='word_1_24' title='bbox 1197 713 1314 802; x_wconf 87' lang='lat' dir='ltr'>proba·</span> 
     </span>
     <span class='ocr_line' id='line_1_4' title="bbox 114 810 1315 907; baseline 0.004 -25"><span class='ocrx_word' id='word_1_25' title='bbox 114 814 221 896; x_wconf 87' lang='lat' dir='ltr'>batur,</span> <span class='ocrx_word' id='word_1_26' title='bbox 241 816 399 900; x_wconf 91' lang='lat' dir='ltr'>quod,·ut</span> <span class='ocrx_word' id='word_1_27' title='bbox 420 812 532 879; x_wconf 86' lang='lat' dir='ltr'>ovsnti</span> <span class='ocrx_word' id='word_1_28' title='bbox 552 812 687 878; x_wconf 91' lang='lat' dir='ltr'>introire</span> <span class='ocrx_word' id='word_1_29' title='bbox 709 810 840 879; x_wconf 78' lang='lat' dir='ltr'>(laesuri</span> <span class='ocrx_word' id='word_1_30' title='bbox 861 812 983 892; x_wconf 87' lang='lat' dir='ltr'>liceret,</span> <span class='ocrx_word' id='word_1_31' title='bbox 1007 815 1223 899; x_wconf 85' lang='lat' dir='ltr'>decreverim3</span> <span class='ocrx_word' id='word_1_32' title='bbox 1251 841 1315 907; x_wconf 81' lang='lat' dir='ltr'>ego</span> 
     </span>
     <span class='ocr_line' id='line_1_5' title="bbox 113 915 1314 998; baseline 0.004 -14"><span class='ocrx_word' id='word_1_33' title='bbox 113 918 324 986; x_wconf 84' lang='lat' dir='ltr'>autem-sed</span> <span class='ocrx_word' id='word_1_34' title='bbox 345 939 415 984; x_wconf 91' lang='lat' dir='ltr'>erro</span> <span class='ocrx_word' id='word_1_35' title='bbox 436 917 583 996; x_wconf 84' lang='lat' dir='ltr'>fortusse,</span> <span class='ocrx_word' id='word_1_36' title='bbox 598 937 658 981; x_wconf 90' lang='lat' dir='ltr'>nec</span> <span class='ocrx_word' id='word_1_37' title='bbox 677 919 789 982; x_wconf 92' lang='lat' dir='ltr'>tamen</span> <span class='ocrx_word' id='word_1_38' title='bbox 809 915 839 981; x_wconf 91' lang='lat' dir='ltr'>is</span> <span class='ocrx_word' id='word_1_39' title='bbox 859 937 943 998; x_wconf 90' lang='lat' dir='ltr'>sum,</span> <span class='ocrx_word' id='word_1_40' title='bbox 958 922 997 984; x_wconf 90' lang='lat' dir='ltr'>ut</span> <span class='ocrx_word' id='word_1_41' title='bbox 1012 940 1084 985; x_wconf 87' lang='lat' dir='ltr'>mea</span> <span class='ocrx_word' id='word_1_42' title='bbox 1104 941 1157 986; x_wconf 90' lang='lat' dir='ltr'>me</span> <span class='ocrx_word' id='word_1_43' title='bbox 1170 922 1314 990; x_wconf 88' lang='lat' dir='ltr'>maxime</span> 
     </span>
     <span class='ocr_line' id='line_1_6' title="bbox 112 1018 1315 1108; baseline 0.004 -18"><span class='ocrx_word' id='word_1_44' title='bbox 112 1022 401 1090; x_wconf 89' lang='lat' dir='ltr'>delectent-nihil</span> <span class='ocrx_word' id='word_1_45' title='bbox 419 1020 501 1086; x_wconf 94' lang='lat' dir='ltr'>mihi</span> <span class='ocrx_word' id='word_1_46' title='bbox 523 1021 634 1086; x_wconf 91' lang='lat' dir='ltr'>videor</span> <span class='ocrx_word' id='word_1_47' title='bbox 658 1018 719 1085; x_wconf 93' lang='lat' dir='ltr'>hoc</span> <span class='ocrx_word' id='word_1_48' title='bbox 742 1019 829 1087; x_wconf 89' lang='lat' dir='ltr'>bello</span> <span class='ocrx_word' id='word_1_49' title='bbox 855 1022 991 1088; x_wconf 77' lang='lat' dir='ltr'>sensisse</span> <span class='ocrx_word' id='word_1_50' title='bbox 1016 1024 1229 1108; x_wconf 87' lang='lat' dir='ltr'>prudentius;</span> <span class='ocrx_word' id='word_1_51' title='bbox 1257 1051 1315 1095; x_wconf 92' lang='lat' dir='ltr'>cur</span> 
     </span>
     <span class='ocr_line' id='line_1_7' title="bbox 112 1123 1312 1212; baseline 0.003 -18"><span class='ocrx_word' id='word_1_52' title='bbox 112 1133 221 1194; x_wconf 78' lang='lat' dir='ltr'>autem</span> <span class='ocrx_word' id='word_1_53' title='bbox 235 1127 283 1193; x_wconf 92' lang='lat' dir='ltr'>ita</span> <span class='ocrx_word' id='word_1_54' title='bbox 298 1128 351 1206; x_wconf 90' lang='lat' dir='ltr'>sit,</span> <span class='ocrx_word' id='word_1_55' title='bbox 363 1125 574 1212; x_wconf 87' lang='lat' dir='ltr'>aperiendum</span> <span class='ocrx_word' id='word_1_56' title='bbox 587 1146 654 1190; x_wconf 92' lang='lat' dir='ltr'>non</span> <span class='ocrx_word' id='word_1_57' title='bbox 668 1127 728 1205; x_wconf 90' lang='lat' dir='ltr'>est,</span> <span class='ocrx_word' id='word_1_58' title='bbox 743 1145 786 1189; x_wconf 91' lang='lat' dir='ltr'>ne</span> <span class='ocrx_word' id='word_1_59' title='bbox 800 1123 907 1210; x_wconf 81' lang='lat' dir='ltr'>magis</span> <span class='ocrx_word' id='word_1_60' title='bbox 920 1125 1033 1192; x_wconf 85' lang='lat' dir='ltr'>videor</span> <span class='ocrx_word' id='word_1_61' title='bbox 1046 1128 1200 1212; x_wconf 91' lang='lat' dir='ltr'>providus</span> <span class='ocrx_word' id='word_1_62' title='bbox 1210 1129 1312 1197; x_wconf 80' lang='lat' dir='ltr'>fuisse</span> 
     </span>
     <span class='ocr_line' id='line_1_8' title="bbox 112 1225 1308 1318; baseline 0.003 -21"><span class='ocrx_word' id='word_1_63' title='bbox 112 1253 210 1318; x_wconf 84' lang='lat' dir='ltr'>quem</span> <span class='ocrx_word' id='word_1_64' title='bbox 234 1235 363 1318; x_wconf 56' lang='lat' dir='ltr'>metus:</span> <span class='ocrx_word' id='word_1_65' title='bbox 387 1227 464 1317; x_wconf 93' lang='lat' dir='ltr'>[hoc</span> <span class='ocrx_word' id='word_1_66' title='bbox 486 1229 594 1313; x_wconf 90' lang='lat' dir='ltr'>ipsum</span> <span class='ocrx_word' id='word_1_67' title='bbox 617 1225 785 1315; x_wconf 74' lang='lat' dir='ltr'>nimium]</span> <span class='ocrx_word' id='word_1_68' title='bbox 814 1249 914 1313; x_wconf 82' lang='lat' dir='ltr'>quere</span> <span class='ocrx_word' id='word_1_69' title='bbox 938 1228 1005 1295; x_wconf 86' lang='lat' dir='ltr'>elia</span> <span class='ocrx_word' id='word_1_70' title='bbox 1030 1230 1208 1298; x_wconf 90' lang='lat' dir='ltr'>videamus.</span> <span class='ocrx_word' id='word_1_71' title='bbox 1264 1233 1308 1302; x_wconf 89' lang='lat' dir='ltr'>D.</span> 
     </span>
     <span class='ocr_line' id='line_1_9' title="bbox 112 1329 1310 1423; baseline 0.002 -21"><span class='ocrx_word' id='word_1_72' title='bbox 112 1333 218 1402; x_wconf 88' lang='lat' dir='ltr'>Bruto</span> <span class='ocrx_word' id='word_1_73' title='bbox 236 1333 362 1400; x_wconf 78' lang='lat' dir='ltr'>decrevi</span> <span class='ocrx_word' id='word_1_74' title='bbox 381 1334 528 1412; x_wconf 87' lang='lat' dir='ltr'>honores,</span> <span class='ocrx_word' id='word_1_75' title='bbox 550 1331 676 1398; x_wconf 90' lang='lat' dir='ltr'>decrevi</span> <span class='ocrx_word' id='word_1_76' title='bbox 692 1329 896 1397; x_wconf 80' lang='lat' dir='ltr'>L.P1an00:</span> <span class='ocrx_word' id='word_1_77' title='bbox 919 1333 1085 1418; x_wconf 86' lang='lat' dir='ltr'>praeclara</span> <span class='ocrx_word' id='word_1_78' title='bbox 1104 1333 1164 1401; x_wconf 90' lang='lat' dir='ltr'>illa</span> <span class='ocrx_word' id='word_1_79' title='bbox 1179 1336 1310 1423; x_wconf 91' lang='lat' dir='ltr'>quidem</span> 
     </span>
     <span class='ocr_line' id='line_1_10' title="bbox 111 1434 1312 1528; baseline 0.002 -23"><span class='ocrx_word' id='word_1_80' title='bbox 111 1439 254 1527; x_wconf 79' lang='lat' dir='ltr'>ingenia,</span> <span class='ocrx_word' id='word_1_81' title='bbox 278 1460 360 1525; x_wconf 88' lang='lat' dir='ltr'>quae</span> <span class='ocrx_word' id='word_1_82' title='bbox 382 1435 487 1522; x_wconf 86' lang='lat' dir='ltr'>gloria</span> <span class='ocrx_word' id='word_1_83' title='bbox 507 1435 699 1514; x_wconf 76' lang='lat' dir='ltr'>invitantur,</span> <span class='ocrx_word' id='word_1_84' title='bbox 722 1434 780 1501; x_wconf 92' lang='lat' dir='ltr'>sed</span> <span class='ocrx_word' id='word_1_85' title='bbox 800 1438 932 1501; x_wconf 83' lang='lat' dir='ltr'>senatus</span> <span class='ocrx_word' id='word_1_86' title='bbox 957 1435 1056 1502; x_wconf 87' lang='lat' dir='ltr'>etiam</span> <span class='ocrx_word' id='word_1_87' title='bbox 1082 1438 1220 1524; x_wconf 90' lang='lat' dir='ltr'>sapiens,</span> <span class='ocrx_word' id='word_1_88' title='bbox 1242 1440 1312 1528; x_wconf 85' lang='lat' dir='ltr'>qui,</span> 
     </span>
     <span class='ocr_line' id='line_1_11' title="bbox 111 1537 1310 1630; baseline 0.001 -20"><span class='ocrx_word' id='word_1_89' title='bbox 111 1564 177 1630; x_wconf 90' lang='lat' dir='ltr'>qua</span> <span class='ocrx_word' id='word_1_90' title='bbox 191 1563 350 1628; x_wconf 90' lang='lat' dir='ltr'>quemque</span> <span class='ocrx_word' id='word_1_91' title='bbox 363 1563 398 1607; x_wconf 89' lang='lat' dir='ltr'>re</span> <span class='ocrx_word' id='word_1_92' title='bbox 412 1542 517 1626; x_wconf 90' lang='lat' dir='ltr'>putat,</span> <span class='ocrx_word' id='word_1_93' title='bbox 533 1540 628 1604; x_wconf 92' lang='lat' dir='ltr'>modo</span> <span class='ocrx_word' id='word_1_94' title='bbox 646 1537 793 1619; x_wconf 88' lang='lat' dir='ltr'>honesta,</span> <span class='ocrx_word' id='word_1_95' title='bbox 809 1537 852 1603; x_wconf 87' lang='lat' dir='ltr'>ad</span> <span class='ocrx_word' id='word_1_96' title='bbox 871 1560 940 1604; x_wconf 91' lang='lat' dir='ltr'>rem</span> <span class='ocrx_word' id='word_1_97' title='bbox 955 1537 1119 1624; x_wconf 90' lang='lat' dir='ltr'>publicam</span> <span class='ocrx_word' id='word_1_98' title='bbox 1133 1542 1310 1610; x_wconf 89' lang='lat' dir='ltr'>iuvandam</span> 
     </span>
     <span class='ocr_line' id='line_1_12' title="bbox 111 1639 1309 1733; baseline 0.003 -21"><span class='ocrx_word' id='word_1_99' title='bbox 111 1667 202 1733; x_wconf 92' lang='lat' dir='ltr'>posse</span> <span class='ocrx_word' id='word_1_100' title='bbox 216 1645 343 1725; x_wconf 72' lang='lat' dir='ltr'>adduci,</span> <span class='ocrx_word' id='word_1_101' title='bbox 365 1643 426 1710; x_wconf 85' lang='lat' dir='ltr'>hac</span> <span class='ocrx_word' id='word_1_102' title='bbox 447 1642 561 1708; x_wconf 91' lang='lat' dir='ltr'>utitur.</span> <span class='ocrx_word' id='word_1_103' title='bbox 606 1642 655 1709; x_wconf 81' lang='lat' dir='ltr'>At</span> <span class='ocrx_word' id='word_1_104' title='bbox 675 1641 712 1708; x_wconf 90' lang='lat' dir='ltr'>in</span> <span class='ocrx_word' id='word_1_105' title='bbox 727 1639 854 1728; x_wconf 88' lang='lat' dir='ltr'>Lepido</span> <span class='ocrx_word' id='word_1_106' title='bbox 876 1642 1153 1730; x_wconf 79' lang='lat' dir='ltr'>reprehendimur,</span> <span class='ocrx_word' id='word_1_107' title='bbox 1169 1647 1309 1715; x_wconf 88' lang='lat' dir='ltr'>cuicum</span> 
     </span>
     <span class='ocr_line' id='line_1_13' title="bbox 110 1745 1309 1827; baseline 0.001 -10"><span class='ocrx_word' id='word_1_108' title='bbox 110 1755 252 1817; x_wconf 87' lang='lat' dir='ltr'>statuam</span> <span class='ocrx_word' id='word_1_109' title='bbox 266 1749 302 1814; x_wconf 92' lang='lat' dir='ltr'>in</span> <span class='ocrx_word' id='word_1_110' title='bbox 315 1747 427 1813; x_wconf 88' lang='lat' dir='ltr'>rostris</span> <span class='ocrx_word' id='word_1_111' title='bbox 447 1745 680 1827; x_wconf 67' lang='lat' dir='ltr'>statuissemus,</span> <span class='ocrx_word' id='word_1_112' title='bbox 695 1745 796 1812; x_wconf 93' lang='lat' dir='ltr'>iidem</span> <span class='ocrx_word' id='word_1_113' title='bbox 812 1745 906 1813; x_wconf 90' lang='lat' dir='ltr'>illsm</span> <span class='ocrx_word' id='word_1_114' title='bbox 924 1748 1117 1815; x_wconf 82' lang='lat' dir='ltr'>evertimus:</span> <span class='ocrx_word' id='word_1_115' title='bbox 1139 1772 1199 1818; x_wconf 90' lang='lat' dir='ltr'>nos</span> <span class='ocrx_word' id='word_1_116' title='bbox 1214 1750 1309 1818; x_wconf 92' lang='lat' dir='ltr'>illum</span> 
     </span>
     <span class='ocr_line' id='line_1_14' title="bbox 110 1849 1311 1932; baseline 0.002 -11"><span class='ocrx_word' id='word_1_117' title='bbox 110 1854 232 1922; x_wconf 90' lang='lat' dir='ltr'>honore</span> <span class='ocrx_word' id='word_1_118' title='bbox 260 1852 444 1919; x_wconf 92' lang='lat' dir='ltr'>studuimus</span> <span class='ocrx_word' id='word_1_119' title='bbox 472 1873 493 1916; x_wconf 85' lang='lat' dir='ltr'>a</span> <span class='ocrx_word' id='word_1_120' title='bbox 520 1849 631 1916; x_wconf 77' lang='lat' dir='ltr'>furore</span> <span class='ocrx_word' id='word_1_121' title='bbox 667 1871 816 1917; x_wconf 83' lang='lat' dir='ltr'>revocure</span> <span class='ocrx_word' id='word_1_122' title='bbox 828 1873 838 1932; x_wconf 92' lang='lat'>;</span> <span class='ocrx_word' id='word_1_123' title='bbox 875 1850 954 1917; x_wconf 90' lang='lat' dir='ltr'>vicit</span> <span class='ocrx_word' id='word_1_124' title='bbox 983 1853 1126 1920; x_wconf 81' lang='lat' dir='ltr'>amentis</span> <span class='ocrx_word' id='word_1_125' title='bbox 1154 1854 1311 1924; x_wconf 87' lang='lat' dir='ltr'>levissimi</span> 
     </span>
     <span class='ocr_line' id='line_1_15' title="bbox 110 1953 1311 2041; baseline 0.003 -17"><span class='ocrx_word' id='word_1_126' title='bbox 110 1958 250 2024; x_wconf 90' lang='lat' dir='ltr'>hominis</span> <span class='ocrx_word' id='word_1_127' title='bbox 278 1960 422 2022; x_wconf 85' lang='lat' dir='ltr'>nostram</span> <span class='ocrx_word' id='word_1_128' title='bbox 451 1953 668 2041; x_wconf 87' lang='lat' dir='ltr'>prudentiam,</span> <span class='ocrx_word' id='word_1_129' title='bbox 695 1975 754 2021; x_wconf 92' lang='lat' dir='ltr'>nec</span> <span class='ocrx_word' id='word_1_130' title='bbox 781 1957 894 2021; x_wconf 86' lang='lat' dir='ltr'>tamen</span> <span class='ocrx_word' id='word_1_131' title='bbox 922 1958 1053 2022; x_wconf 84' lang='lat' dir='ltr'>tautum</span> <span class='ocrx_word' id='word_1_132' title='bbox 1076 1957 1113 2023; x_wconf 90' lang='lat' dir='ltr'>in</span> <span class='ocrx_word' id='word_1_133' title='bbox 1136 1961 1311 2028; x_wconf 83' lang='lat' dir='ltr'>statuenda</span> 
     </span>
     <span class='ocr_line' id='line_1_16' title="bbox 109 2056 1306 2148; baseline 0.002 -20"><span class='ocrx_word' id='word_1_134' title='bbox 109 2060 229 2148; x_wconf 88' lang='lat' dir='ltr'>Lepidi</span> <span class='ocrx_word' id='word_1_135' title='bbox 262 2064 371 2125; x_wconf 89' lang='lat' dir='ltr'>statua</span> <span class='ocrx_word' id='word_1_136' title='bbox 403 2057 528 2124; x_wconf 88' lang='lat' dir='ltr'>fectum</span> <span class='ocrx_word' id='word_1_137' title='bbox 558 2063 606 2123; x_wconf 93' lang='lat' dir='ltr'>est</span> <span class='ocrx_word' id='word_1_138' title='bbox 634 2056 724 2138; x_wconf 90' lang='lat' dir='ltr'>mali,</span> <span class='ocrx_word' id='word_1_139' title='bbox 748 2061 910 2144; x_wconf 85' lang='lat' dir='ltr'>quantum</span> <span class='ocrx_word' id='word_1_140' title='bbox 943 2058 980 2124; x_wconf 93' lang='lat' dir='ltr'>in</span> <span class='ocrx_word' id='word_1_141' title='bbox 1016 2063 1193 2128; x_wconf 85' lang='lat' dir='ltr'>evertenda</span> <span class='ocrx_word' id='word_1_142' title='bbox 1217 2062 1306 2130; x_wconf 90' lang='lat' dir='ltr'>boni.</span> 
     </span>
     <span class='ocr_line' id='line_1_17' title="bbox 110 2160 1308 2248; baseline 0.003 -17"><span class='ocrx_word' id='word_1_143' title='bbox 110 2166 163 2231; x_wconf 91' lang='grc'>10.</span> <span class='ocrx_word' id='word_1_144' title='bbox 186 2163 273 2230; x_wconf 82' lang='lat' dir='ltr'>Satis</span> <span class='ocrx_word' id='word_1_145' title='bbox 287 2162 392 2228; x_wconf 88' lang='lat' dir='ltr'>multa</span> <span class='ocrx_word' id='word_1_146' title='bbox 406 2163 445 2227; x_wconf 95' lang='lat' dir='ltr'>de</span> <span class='ocrx_word' id='word_1_147' title='bbox 460 2160 650 2227; x_wconf 90' lang='lat' dir='ltr'>honoribus:</span> <span class='ocrx_word' id='word_1_148' title='bbox 666 2182 755 2226; x_wconf 91' lang='lat' dir='ltr'>nunc</span> <span class='ocrx_word' id='word_1_149' title='bbox 770 2160 811 2227; x_wconf 92' lang='lat' dir='ltr'>de</span> <span class='ocrx_word' id='word_1_150' title='bbox 824 2182 929 2246; x_wconf 89' lang='lat' dir='ltr'>poene</span> <span class='ocrx_word' id='word_1_151' title='bbox 943 2183 1047 2248; x_wconf 89' lang='lat' dir='ltr'>panca</span> <span class='ocrx_word' id='word_1_152' title='bbox 1062 2163 1200 2231; x_wconf 93' lang='lat' dir='ltr'>dicenda</span> <span class='ocrx_word' id='word_1_153' title='bbox 1214 2171 1290 2234; x_wconf 90' lang='lat' dir='ltr'>sunt</span> <span class='ocrx_word' id='word_1_154' title='bbox 1298 2192 1308 2247; x_wconf 90' lang='grc'>;</span> 
     </span>
     <span class='ocr_line' id='line_1_18' title="bbox 108 2263 1307 2353; baseline 0.003 -19"><span class='ocrx_word' id='word_1_155' title='bbox 108 2266 256 2334; x_wconf 81' lang='lat' dir='ltr'>intellexi</span> <span class='ocrx_word' id='word_1_156' title='bbox 270 2267 358 2331; x_wconf 90' lang='lat' dir='ltr'>enim</span> <span class='ocrx_word' id='word_1_157' title='bbox 373 2287 414 2330; x_wconf 88' lang='lat' dir='ltr'>ex</span> <span class='ocrx_word' id='word_1_158' title='bbox 432 2265 499 2331; x_wconf 90' lang='lat' dir='ltr'>tuis</span> <span class='ocrx_word' id='word_1_159' title='bbox 520 2286 615 2349; x_wconf 80' lang='lat' dir='ltr'>saepe</span> <span class='ocrx_word' id='word_1_160' title='bbox 635 2263 755 2329; x_wconf 87' lang='lat' dir='ltr'>litteris</span> <span class='ocrx_word' id='word_1_161' title='bbox 774 2268 808 2329; x_wconf 92' lang='lat' dir='ltr'>te</span> <span class='ocrx_word' id='word_1_162' title='bbox 829 2263 865 2329; x_wconf 93' lang='lat' dir='ltr'>in</span> <span class='ocrx_word' id='word_1_163' title='bbox 884 2265 935 2345; x_wconf 89' lang='lat' dir='ltr'>iis,</span> <span class='ocrx_word' id='word_1_164' title='bbox 951 2286 1032 2352; x_wconf 91' lang='lat' dir='ltr'>quos</span> <span class='ocrx_word' id='word_1_165' title='bbox 1048 2264 1134 2333; x_wconf 88' lang='lat' dir='ltr'>bello</span> <span class='ocrx_word' id='word_1_166' title='bbox 1150 2270 1307 2353; x_wconf 89' lang='lat' dir='ltr'>devicisti,</span> 
     </span>
     <span class='ocr_line' id='line_1_19' title="bbox 109 2365 1306 2454; baseline 0.004 -17"><span class='ocrx_word' id='word_1_167' title='bbox 109 2371 313 2438; x_wconf 85' lang='lat' dir='ltr'>clementium</span> <span class='ocrx_word' id='word_1_168' title='bbox 327 2374 418 2434; x_wconf 90' lang='lat' dir='ltr'>tuam</span> <span class='ocrx_word' id='word_1_169' title='bbox 431 2368 516 2435; x_wconf 91' lang='lat' dir='ltr'>velle</span> <span class='ocrx_word' id='word_1_170' title='bbox 530 2367 669 2434; x_wconf 83' lang='lat' dir='ltr'>laudari.</span> <span class='ocrx_word' id='word_1_171' title='bbox 713 2365 877 2434; x_wconf 80' lang='lat' dir='ltr'>Existimo</span> <span class='ocrx_word' id='word_1_172' title='bbox 893 2367 1044 2454; x_wconf 87' lang='lat' dir='ltr'>equidem</span> <span class='ocrx_word' id='word_1_173' title='bbox 1059 2370 1144 2437; x_wconf 89' lang='lat' dir='ltr'>nihil</span> <span class='ocrx_word' id='word_1_174' title='bbox 1158 2395 1178 2438; x_wconf 88' lang='lat' dir='ltr'>a</span> <span class='ocrx_word' id='word_1_175' title='bbox 1193 2377 1227 2440; x_wconf 92' lang='lat' dir='ltr'>te</span> <span class='ocrx_word' id='word_1_176' title='bbox 1241 2374 1306 2442; x_wconf 89' lang='lat' dir='ltr'>nisi</span> 
     </span>
    </p>
   </div>
   <div class='ocr_carea' id='block_1_3' title="bbox 102 2570 1312 4515">
    <p class='ocr_par' dir='ltr' id='par_1_3' title="bbox 102 2570 1312 4515">
     <span class='ocr_line' id='line_1_20' title="bbox 135 2570 1312 2639; baseline 0.007 -15"><span class='ocrx_word' id='word_1_177' title='bbox 135 2571 317 2639; x_wconf 70' lang='lat' dir='ltr'>familiaribus]</span> <span class='ocrx_word' id='word_1_178' title='bbox 349 2571 474 2636; x_wconf 86' lang='lat' dir='ltr'>Probably</span> <span class='ocrx_word' id='word_1_179' title='bbox 485 2571 624 2623; x_wconf 79' lang='lat' dir='ltr'>Osseawas</span> <span class='ocrx_word' id='word_1_180' title='bbox 636 2586 683 2623; x_wconf 90' lang='lat' dir='ltr'>oue</span> <span class='ocrx_word' id='word_1_181' title='bbox 732 2570 1312 2637; x_wconf 77' lang='lat' dir='ltr'>Plancusarcnoblesouls,whosreiuflusnoed</span> 
     </span>
     <span class='ocr_line' id='line_1_21' title="bbox 109 2635 1308 2713; baseline 0.004 -22"><span class='ocrx_word' id='word_1_182' title='bbox 109 2640 231 2691; x_wconf 83' lang='lat' dir='ltr'>olthsse:</span> <span class='ocrx_word' id='word_1_183' title='bbox 245 2655 283 2702; x_wconf 90' lang='lat' dir='ltr'>ep.</span> <span class='ocrx_word' id='word_1_184' title='bbox 298 2640 354 2698; x_wconf 79' lang='lat'>865,</span> <span class='ocrx_word' id='word_1_185' title='bbox 369 2641 392 2686; x_wconf 92' lang='lat'>1.</span> <span class='ocrx_word' id='word_1_186' title='bbox 422 2637 682 2713; x_wconf 78' lang='lat' dir='ltr'>Theseparstepurty</span> <span class='ocrx_word' id='word_1_187' title='bbox 732 2635 768 2701; x_wconf 90' lang='lat' dir='ltr'>by</span> <span class='ocrx_word' id='word_1_188' title='bbox 781 2636 995 2701; x_wconf 82' lang='lat' dir='ltr'>loveolrcnovn,</span> <span class='ocrx_word' id='word_1_189' title='bbox 1007 2640 1308 2708; x_wconf 84' lang='lat' dir='ltr'>anduotbyunyselllsh</span> 
     </span>
     <span class='ocr_line' id='line_1_22' title="bbox 108 2701 1308 2778; baseline 0.003 -22"><span class='ocrx_word' id='word_1_190' title='bbox 108 2706 137 2756; x_wconf 85' lang='lat' dir='ltr'>el</span> <span class='ocrx_word' id='word_1_191' title='bbox 152 2704 283 2755; x_wconf 73' lang='lat' dir='ltr'>adherente</span> <span class='ocrx_word' id='word_1_192' title='bbox 293 2704 320 2754; x_wconf 83' lang='lat' dir='ltr'>ot</span> <span class='ocrx_word' id='word_1_193' title='bbox 336 2702 430 2752; x_wconf 90' lang='lat' dir='ltr'>Brutus</span> <span class='ocrx_word' id='word_1_194' title='bbox 446 2701 468 2752; x_wconf 89' lang='lat' dir='ltr'>is</span> <span class='ocrx_word' id='word_1_195' title='bbox 479 2701 531 2752; x_wconf 84' lang='lat' dir='ltr'>slso</span> <span class='ocrx_word' id='word_1_196' title='bbox 541 2702 683 2752; x_wconf 79' lang='lat' dir='ltr'>mmuoned</span> <span class='ocrx_word' id='word_1_197' title='bbox 732 2701 937 2754; x_wconf 86' lang='lat' dir='ltr'>considerations:</span> <span class='ocrx_word' id='word_1_198' title='bbox 953 2702 1021 2755; x_wconf 86' lang='lat' dir='ltr'>fsme</span> <span class='ocrx_word' id='word_1_199' title='bbox 1031 2704 1052 2754; x_wconf 88' lang='lat' dir='ltr'>is</span> <span class='ocrx_word' id='word_1_200' title='bbox 1063 2705 1119 2756; x_wconf 89' lang='lat' dir='ltr'>that</span> <span class='ocrx_word' id='word_1_201' title='bbox 1128 2706 1178 2757; x_wconf 84' lang='lat' dir='ltr'>lsst</span> <span class='ocrx_word' id='word_1_202' title='bbox 1185 2709 1308 2778; x_wconf 80' lang='lat' dir='ltr'>iufirmity</span> 
     </span>
     <span class='ocr_line' id='line_1_23' title="bbox 108 2765 1310 2848; baseline 0.013 -37"><span class='ocrx_word' id='word_1_203' title='bbox 108 2770 203 2832; x_wconf 62' lang='lat' dir='ltr'>inple,</span> <span class='ocrx_word' id='word_1_204' title='bbox 218 2773 240 2819; x_wconf 81' lang='lat'>1.</span> <span class='ocrx_word' id='word_1_205' title='bbox 731 2765 762 2816; x_wconf 84' lang='lat' dir='ltr'>cl</span> <span class='ocrx_word' id='word_1_206' title='bbox 774 2766 872 2818; x_wconf 83' lang='lat' dir='ltr'>sneble</span> <span class='ocrx_word' id='word_1_207' title='bbox 883 2767 961 2818; x_wconf 83' lang='lat' dir='ltr'>mind</span> <span class='ocrx_word' id='word_1_208' title='bbox 1003 2769 1060 2819; x_wconf 80' lang='lat' dir='ltr'>And</span> <span class='ocrx_word' id='word_1_209' title='bbox 1071 2777 1116 2821; x_wconf 90' lang='lat' dir='ltr'>not</span> <span class='ocrx_word' id='word_1_210' title='bbox 1125 2771 1310 2848; x_wconf 85' lang='lat' dir='ltr'>onlyurethey</span> 
     </span>
     <span class='ocr_line' id='line_1_24' title="bbox 140 2828 1308 2899; baseline 0.007 -16"><span class='ocrx_word' id='word_1_211' title='bbox 140 2837 203 2899; x_wconf 80' lang='lat' dir='ltr'>quod</span> <span class='ocrx_word' id='word_1_212' title='bbox 221 2870 227 2882; x_wconf 95' lang='lat'><strong>.</strong></span> <span class='ocrx_word' id='word_1_213' title='bbox 247 2870 253 2882; x_wconf 95' lang='lat'><strong>.</strong></span> <span class='ocrx_word' id='word_1_214' title='bbox 272 2871 278 2882; x_wconf 94' lang='lat'>.</span> <span class='ocrx_word' id='word_1_215' title='bbox 297 2828 450 2896; x_wconf 64' lang='lat' dir='ltr'>demumst]</span> <span class='ocrx_word' id='word_1_216' title='bbox 474 2829 536 2881; x_wconf 85' lang='lat' dir='ltr'>This</span> <span class='ocrx_word' id='word_1_217' title='bbox 546 2829 568 2880; x_wconf 92' lang='lat' dir='ltr'>is</span> <span class='ocrx_word' id='word_1_218' title='bbox 578 2829 621 2882; x_wconf 90' lang='lat' dir='ltr'>the</span> <span class='ocrx_word' id='word_1_219' title='bbox 632 2829 682 2881; x_wconf 90' lang='lat' dir='ltr'>vir·</span> <span class='ocrx_word' id='word_1_220' title='bbox 731 2830 823 2882; x_wconf 82' lang='lat' dir='ltr'>sthirst</span> <span class='ocrx_word' id='word_1_221' title='bbox 841 2832 882 2882; x_wconf 84' lang='lat' dir='ltr'>lor</span> <span class='ocrx_word' id='word_1_222' title='bbox 894 2832 969 2896; x_wconf 80' lang='lat' dir='ltr'>fame,</span> <span class='ocrx_word' id='word_1_223' title='bbox 981 2832 1064 2884; x_wconf 87' lang='lat' dir='ltr'>which</span> <span class='ocrx_word' id='word_1_224' title='bbox 1077 2836 1148 2885; x_wconf 80' lang='lat' dir='ltr'>itsell</span> <span class='ocrx_word' id='word_1_225' title='bbox 1163 2854 1186 2887; x_wconf 87' lang='lat' dir='ltr'>rs</span> <span class='ocrx_word' id='word_1_226' title='bbox 1201 2838 1229 2888; x_wconf 91' lang='lat' dir='ltr'>in</span> <span class='ocrx_word' id='word_1_227' title='bbox 1239 2855 1308 2892; x_wconf 89' lang='lat' dir='ltr'>scmc</span> 
     </span>
     <span class='ocr_line' id='line_1_25' title="bbox 107 2894 1307 2964; baseline 0.005 -14"><span class='ocrx_word' id='word_1_228' title='bbox 107 2901 161 2950; x_wconf 81' lang='lat' dir='ltr'>tuul</span> <span class='ocrx_word' id='word_1_229' title='bbox 172 2898 271 2964; x_wconf 90' lang='lat' dir='ltr'>oblique</span> <span class='ocrx_word' id='word_1_230' title='bbox 282 2894 441 2961; x_wconf 84' lang='lat' dir='ltr'>subjunctive</span> <span class='ocrx_word' id='word_1_231' title='bbox 451 2895 515 2946; x_wconf 83' lang='lat' dir='ltr'>ulter</span> <span class='ocrx_word' id='word_1_232' title='bbox 524 2894 568 2946; x_wconf 89' lang='lat' dir='ltr'>the</span> <span class='ocrx_word' id='word_1_233' title='bbox 578 2896 638 2946; x_wconf 83' lang='lat' dir='ltr'>verb</span> <span class='ocrx_word' id='word_1_234' title='bbox 655 2896 683 2946; x_wconf 87' lang='lat' dir='ltr'>ol</span> <span class='ocrx_word' id='word_1_235' title='bbox 731 2911 843 2947; x_wconf 81' lang='lat' dir='ltr'>messuro</span> <span class='ocrx_word' id='word_1_236' title='bbox 854 2913 869 2946; x_wconf 86' lang='lat' dir='ltr'>s</span> <span class='ocrx_word' id='word_1_237' title='bbox 879 2913 966 2948; x_wconf 78' lang='lat' dir='ltr'>resson</span> <span class='ocrx_word' id='word_1_238' title='bbox 976 2897 1036 2964; x_wconf 90' lang='lat' dir='ltr'>why</span> <span class='ocrx_word' id='word_1_239' title='bbox 1046 2899 1089 2949; x_wconf 90' lang='lat' dir='ltr'>the</span> <span class='ocrx_word' id='word_1_240' title='bbox 1100 2900 1208 2953; x_wconf 89' lang='lat' dir='ltr'>honours</span> <span class='ocrx_word' id='word_1_241' title='bbox 1218 2903 1307 2956; x_wconf 86' lang='lat' dir='ltr'>should</span> 
     </span>
     <span class='ocr_line' id='line_1_26' title="bbox 107 2958 1308 3026; baseline 0.014 -21"><span class='ocrx_word' id='word_1_242' title='bbox 107 2979 219 3015; x_wconf 61' lang='lat' dir='ltr'>camum,</span> <span class='ocrx_word' id='word_1_243' title='bbox 730 2958 762 3011; x_wconf 88' lang='lat' dir='ltr'>bc</span> <span class='ocrx_word' id='word_1_244' title='bbox 781 2961 885 3025; x_wconf 60' lang='lat' dir='ltr'>ffisnted</span> <span class='ocrx_word' id='word_1_245' title='bbox 900 2962 978 3026; x_wconf 89' lang='lat' dir='ltr'>them,</span> <span class='ocrx_word' id='word_1_246' title='bbox 997 2963 1044 3013; x_wconf 90' lang='lat' dir='ltr'>but</span> <span class='ocrx_word' id='word_1_247' title='bbox 1062 2964 1106 3015; x_wconf 91' lang='lat' dir='ltr'>the</span> <span class='ocrx_word' id='word_1_248' title='bbox 1124 2974 1209 3017; x_wconf 84' lang='lat' dir='ltr'>senate</span> <span class='ocrx_word' id='word_1_249' title='bbox 1226 2974 1269 3020; x_wconf 82' lang='lat' dir='ltr'>teo</span> <span class='ocrx_word' id='word_1_250' title='bbox 1283 2969 1308 3022; x_wconf 86' lang='lat' dir='ltr'>is</span> 
     </span>
     <span class='ocr_line' id='line_1_27' title="bbox 140 3023 1309 3096; baseline 0.007 -19"><span class='ocrx_word' id='word_1_251' title='bbox 140 3027 233 3092; x_wconf 77' lang='lat' dir='ltr'>ovanti]</span> <span class='ocrx_word' id='word_1_252' title='bbox 266 3042 305 3089; x_wconf 88' lang='lat' dir='ltr'>op.</span> <span class='ocrx_word' id='word_1_253' title='bbox 319 3027 375 3084; x_wconf 80' lang='lat'>866,</span> <span class='ocrx_word' id='word_1_254' title='bbox 388 3027 412 3085; x_wconf 98' lang='grc'><strong>2,</strong></span> <span class='ocrx_word' id='word_1_255' title='bbox 424 3023 507 3074; x_wconf 82' lang='lat' dir='ltr'>where</span> <span class='ocrx_word' id='word_1_256' title='bbox 520 3023 613 3074; x_wconf 87' lang='lat' dir='ltr'>Brutus</span> <span class='ocrx_word' id='word_1_257' title='bbox 623 3040 682 3090; x_wconf 82' lang='lat' dir='ltr'>ssys</span> <span class='ocrx_word' id='word_1_258' title='bbox 730 3024 815 3090; x_wconf 76' lang='lat' dir='ltr'>aeting</span> <span class='ocrx_word' id='word_1_259' title='bbox 825 3025 913 3092; x_wconf 86' lang='lat' dir='ltr'>wisely</span> <span class='ocrx_word' id='word_1_260' title='bbox 923 3026 951 3076; x_wconf 94' lang='lat' dir='ltr'>in</span> <span class='ocrx_word' id='word_1_261' title='bbox 965 3027 1065 3078; x_wconf 82' lang='lat' dir='ltr'>acosdin</span> <span class='ocrx_word' id='word_1_262' title='bbox 1093 3031 1196 3081; x_wconf 84' lang='lat' dir='ltr'>tothsir</span> <span class='ocrx_word' id='word_1_263' title='bbox 1206 3033 1309 3096; x_wconf 85' lang='lat' dir='ltr'>wishes,</span> 
     </span>
     <span class='ocr_line' id='line_1_28' title="bbox 107 3045 1306 3155; baseline 0.006 -12"><span class='ocrx_word' id='word_1_264' title='bbox 107 3093 163 3143; x_wconf 88' lang='lat' dir='ltr'>thst</span> <span class='ocrx_word' id='word_1_265' title='bbox 178 3108 193 3143; x_wconf 84' lang='lat' dir='ltr'>s</span> <span class='ocrx_word' id='word_1_266' title='bbox 210 3091 319 3152; x_wconf 75' lang='lat' dir='ltr'>triumph</span> <span class='ocrx_word' id='word_1_267' title='bbox 329 3105 380 3140; x_wconf 85' lang='lat' dir='ltr'>wus</span> <span class='ocrx_word' id='word_1_268' title='bbox 397 3089 500 3153; x_wconf 70' lang='lat' dir='ltr'>grantes</span> <span class='ocrx_word' id='word_1_269' title='bbox 511 3093 538 3139; x_wconf 85' lang='lat' dir='ltr'>to</span> <span class='ocrx_word' id='word_1_270' title='bbox 549 3088 678 3153; x_wconf 74' lang='lat' dir='ltr'>Octavian,</span> <span class='ocrx_word' id='word_1_271' title='bbox 729 3090 779 3139; x_wconf 84' lang='lat' dir='ltr'>sud</span> <span class='ocrx_word' id='word_1_272' title='bbox 789 3089 948 3155; x_wconf 76' lang='lat' dir='ltr'>sdcptingall</span> <span class='ocrx_word' id='word_1_273' title='bbox 958 3045 1200 3146; x_wconf 72' lang='lat' dir='ltr'>honoumllcmccns</span> <span class='ocrx_word' id='word_1_274' title='bbox 1209 3097 1306 3150; x_wconf 89' lang='lat' dir='ltr'>where·</span> 
     </span>
     <span class='ocr_line' id='line_1_29' title="bbox 107 3152 1305 3230; baseline 0.005 -22"><span class='ocrx_word' id='word_1_275' title='bbox 107 3157 166 3219; x_wconf 90' lang='lat' dir='ltr'>But,</span> <span class='ocrx_word' id='word_1_276' title='bbox 176 3174 204 3208; x_wconf 87' lang='lat' dir='ltr'>us</span> <span class='ocrx_word' id='word_1_277' title='bbox 215 3157 295 3207; x_wconf 84' lang='lat' dir='ltr'>Ruete</span> <span class='ocrx_word' id='word_1_278' title='bbox 307 3158 341 3217; x_wconf 83' lang='lat' dir='ltr'>(p.</span> <span class='ocrx_word' id='word_1_279' title='bbox 351 3155 392 3220; x_wconf 89' lang='grc'>99)</span> <span class='ocrx_word' id='word_1_280' title='bbox 404 3154 487 3217; x_wconf 91' lang='lat' dir='ltr'>points</span> <span class='ocrx_word' id='word_1_281' title='bbox 497 3160 549 3216; x_wconf 84' lang='lat' dir='ltr'>ont,</span> <span class='ocrx_word' id='word_1_282' title='bbox 558 3169 590 3203; x_wconf 82' lang='lat' dir='ltr'>sn</span> <span class='ocrx_word' id='word_1_283' title='bbox 601 3157 680 3204; x_wconf 69' lang='lat' dir='ltr'>aare</span> <span class='ocrx_word' id='word_1_284' title='bbox 728 3152 763 3230; x_wconf 88' lang='lat' dir='ltr'>by</span> <span class='ocrx_word' id='word_1_285' title='bbox 774 3169 871 3220; x_wconf 88' lang='lat' dir='ltr'>snyone</span> <span class='ocrx_word' id='word_1_286' title='bbox 881 3171 928 3206; x_wconf 81' lang='lat' dir='ltr'>cau</span> <span class='ocrx_word' id='word_1_287' title='bbox 942 3155 973 3208; x_wconf 88' lang='lat' dir='ltr'>be</span> <span class='ocrx_word' id='word_1_288' title='bbox 987 3157 1093 3209; x_wconf 88' lang='lat' dir='ltr'>induosd</span> <span class='ocrx_word' id='word_1_289' title='bbox 1103 3160 1168 3210; x_wconf 86' lang='lat' dir='ltr'>todo</span> <span class='ocrx_word' id='word_1_290' title='bbox 1178 3165 1240 3226; x_wconf 77' lang='lat' dir='ltr'>good</span> <span class='ocrx_word' id='word_1_291' title='bbox 1251 3179 1305 3215; x_wconf 87' lang='lat' dir='ltr'>ser·</span> 
     </span>
     <span class='ocr_line' id='line_1_30' title="bbox 107 3217 957 3282; baseline -0.001 -10"><span class='ocrx_word' id='word_1_292' title='bbox 107 3238 158 3272; x_wconf 85' lang='lat' dir='ltr'>wus</span> <span class='ocrx_word' id='word_1_293' title='bbox 180 3222 253 3273; x_wconf 76' lang='lat' dir='ltr'>often</span> <span class='ocrx_word' id='word_1_294' title='bbox 270 3220 349 3271; x_wconf 87' lang='lat' dir='ltr'>cslled</span> <span class='ocrx_word' id='word_1_295' title='bbox 368 3236 383 3269; x_wconf 85' lang='lat' dir='ltr'>s</span> <span class='ocrx_word' id='word_1_296' title='bbox 399 3218 525 3282; x_wconf 88' lang='lat' dir='ltr'>triumph:</span> <span class='ocrx_word' id='word_1_297' title='bbox 549 3233 588 3282; x_wconf 91' lang='lat' dir='ltr'>cp.</span> <span class='ocrx_word' id='word_1_298' title='bbox 607 3217 677 3269; x_wconf 82' lang='lat' dir='ltr'>Mon.</span> <span class='ocrx_word' id='word_1_299' title='bbox 728 3234 784 3269; x_wconf 87' lang='lat' dir='ltr'>vroe</span> <span class='ocrx_word' id='word_1_300' title='bbox 794 3224 821 3270; x_wconf 85' lang='lat' dir='ltr'>to</span> <span class='ocrx_word' id='word_1_301' title='bbox 831 3220 875 3270; x_wconf 86' lang='lat' dir='ltr'>the</span> <span class='ocrx_word' id='word_1_302' title='bbox 885 3225 957 3271; x_wconf 84' lang='lat' dir='ltr'>state.</span> 
     </span>
     <span class='ocr_line' id='line_1_31' title="bbox 106 3284 1302 3356; baseline 0.006 -20"><span class='ocrx_word' id='word_1_303' title='bbox 106 3291 200 3352; x_wconf 82' lang='lat' dir='ltr'>Aneyr.</span> <span class='ocrx_word' id='word_1_304' title='bbox 212 3286 230 3336; x_wconf 90' lang='lat' dir='ltr'>i.</span> <span class='ocrx_word' id='word_1_305' title='bbox 242 3289 282 3348; x_wconf 89' lang='grc'><strong>21,</strong></span> <span class='ocrx_word' id='word_1_306' title='bbox 295 3286 413 3335; x_wconf 72' lang='lat' dir='ltr'>discusse</span> <span class='ocrx_word' id='word_1_307' title='bbox 425 3284 573 3344; x_wconf 74' lang='lat' dir='ltr'>triumphari</span> <span class='ocrx_word' id='word_1_308' title='bbox 585 3285 631 3332; x_wconf 79' lang='lat' dir='ltr'>tris</span> <span class='ocrx_word' id='word_1_309' title='bbox 641 3287 679 3346; x_wconf 64' lang='grc' dir='ltr'>σφι·</span> <span class='ocrx_word' id='word_1_310' title='bbox 760 3300 820 3347; x_wconf 80' lang='lat' dir='ltr'>quas</span> <span class='ocrx_word' id='word_1_311' title='bbox 839 3287 920 3347; x_wconf 77' lang='lat' dir='ltr'>pteris</span> <span class='ocrx_word' id='word_1_312' title='bbox 941 3287 1092 3355; x_wconf 74' lang='lat' dir='ltr'>inritaretur]</span> <span class='ocrx_word' id='word_1_313' title='bbox 1125 3304 1164 3354; x_wconf 88' lang='lat' dir='ltr'>ep.</span> <span class='ocrx_word' id='word_1_314' title='bbox 1183 3289 1239 3356; x_wconf 74' lang='lat' dir='ltr'>Lig.</span> <span class='ocrx_word' id='word_1_315' title='bbox 1263 3296 1302 3356; x_wconf 88' lang='grc'><strong>12,</strong></span> 
     </span>
     <span class='ocr_line' id='line_1_32' title="bbox 105 3347 1303 3417; baseline 0.007 -17"><span class='ocrx_word' id='word_1_316' title='bbox 105 3354 198 3402; x_wconf 76' lang='lat' dir='ltr'>curules</span> <span class='ocrx_word' id='word_1_317' title='bbox 208 3352 356 3413; x_wconf 74' lang='lat' dir='ltr'>triumphos,</span> <span class='ocrx_word' id='word_1_318' title='bbox 373 3349 422 3399; x_wconf 88' lang='lat' dir='ltr'>and</span> <span class='ocrx_word' id='word_1_319' title='bbox 430 3349 472 3399; x_wconf 90' lang='lat' dir='ltr'>the</span> <span class='ocrx_word' id='word_1_320' title='bbox 484 3347 565 3398; x_wconf 75' lang='lat' dir='ltr'>Greek</span> <span class='ocrx_word' id='word_1_321' title='bbox 576 3362 677 3410; x_wconf 84' lang='lat' dir='ltr'>expres·</span> <span class='ocrx_word' id='word_1_322' title='bbox 725 3351 843 3410; x_wconf 76' lang='lat' dir='ltr'>praemiis</span> <span class='ocrx_word' id='word_1_323' title='bbox 853 3352 927 3400; x_wconf 77' lang='lat' dir='ltr'>etiam</span> <span class='ocrx_word' id='word_1_324' title='bbox 938 3352 1073 3410; x_wconf 56' lang='lat' dir='ltr'>invitatam</span> <span class='ocrx_word' id='word_1_325' title='bbox 1087 3356 1145 3417; x_wconf 84' lang='grc'><strong>834,</strong></span> <span class='ocrx_word' id='word_1_326' title='bbox 1156 3358 1179 3414; x_wconf 92' lang='grc'><strong>2,</strong></span> <span class='ocrx_word' id='word_1_327' title='bbox 1192 3359 1214 3404; x_wconf 83' lang='lat' dir='ltr'>s&#39;s</span> <span class='ocrx_word' id='word_1_328' title='bbox 1222 3366 1303 3408; x_wconf 75' lang='lat' dir='ltr'>autem</span> 
     </span>
     <span class='ocr_line' id='line_1_33' title="bbox 104 3412 1300 3526; baseline -0.001 -63"><span class='ocrx_word' id='word_1_329' title='bbox 104 3417 158 3465; x_wconf 90' lang='lat' dir='ltr'>sion</span> <span class='ocrx_word' id='word_1_330' title='bbox 185 3416 226 3467; x_wconf 80' lang='lat' dir='ltr'>lor</span> <span class='ocrx_word' id='word_1_331' title='bbox 252 3432 284 3465; x_wconf 85' lang='lat' dir='ltr'>an</span> <span class='ocrx_word' id='word_1_332' title='bbox 310 3418 387 3464; x_wconf 80' lang='lat' dir='ltr'>oratic</span> <span class='ocrx_word' id='word_1_333' title='bbox 414 3414 437 3463; x_wconf 91' lang='lat' dir='ltr'>is</span> <span class='ocrx_word' id='word_1_334' title='bbox 462 3412 678 3526; x_wconf 48' lang='lat' dir='ltr'>orslefcloster</span> <span class='ocrx_word' id='word_1_335' title='bbox 726 3415 769 3475; x_wconf 76' lang='lat' dir='ltr'>qut</span> <span class='ocrx_word' id='word_1_336' title='bbox 779 3428 833 3462; x_wconf 80' lang='lat' dir='ltr'>vere</span> <span class='ocrx_word' id='word_1_337' title='bbox 842 3416 963 3476; x_wconf 75' lang='lat' dir='ltr'>appellari</span> <span class='ocrx_word' id='word_1_338' title='bbox 973 3423 1054 3477; x_wconf 75' lang='lat' dir='ltr'>potest</span> <span class='ocrx_word' id='word_1_339' title='bbox 1070 3419 1142 3467; x_wconf 76' lang='lat' dir='ltr'>honos</span> <span class='ocrx_word' id='word_1_340' title='bbox 1150 3435 1197 3468; x_wconf 81' lang='lat' dir='ltr'>non</span> <span class='ocrx_word' id='word_1_341' title='bbox 1208 3424 1300 3472; x_wconf 70' lang='lat' dir='ltr'>iusim.</span> 
     </span>
     <span class='ocr_line' id='line_1_34' title="bbox 117 3477 1305 3555; baseline 0.004 -24"><span class='ocrx_word' id='word_1_342' title='bbox 117 3480 221 3547; x_wconf 82' lang='lat' dir='ltr'>Dionys.</span> <span class='ocrx_word' id='word_1_343' title='bbox 243 3480 279 3530; x_wconf 86' lang='lat' dir='ltr'>ir.</span> <span class='ocrx_word' id='word_1_344' title='bbox 302 3484 348 3539; x_wconf 85' lang='lat'>36;</span> <span class='ocrx_word' id='word_1_345' title='bbox 377 3478 493 3554; x_wconf 72' lang='lat' dir='ltr'>ldurquur</span> <span class='ocrx_word' id='word_1_346' title='bbox 512 3482 524 3527; x_wconf 96' lang='lat' dir='ltr'>t</span> <span class='ocrx_word' id='word_1_347' title='bbox 544 3493 582 3527; x_wconf 89' lang='lat' dir='ltr'>ur.</span> <span class='ocrx_word' id='word_1_348' title='bbox 606 3477 674 3542; x_wconf 87' lang='grc'><strong>071).</strong></span> <span class='ocrx_word' id='word_1_349' title='bbox 725 3483 830 3555; x_wconf 67' lang='lat' dir='ltr'>mestuus</span> <span class='ocrx_word' id='word_1_350' title='bbox 840 3481 872 3528; x_wconf 77' lang='lat' dir='ltr'>ad</span> <span class='ocrx_word' id='word_1_351' title='bbox 884 3485 974 3541; x_wconf 69' lang='lat' dir='ltr'>lempse</span> <span class='ocrx_word' id='word_1_352' title='bbox 983 3484 1024 3530; x_wconf 81' lang='lat' dir='ltr'>ssd</span> <span class='ocrx_word' id='word_1_353' title='bbox 1032 3484 1150 3546; x_wconf 76' lang='lat' dir='ltr'>perfectas</span> <span class='ocrx_word' id='word_1_354' title='bbox 1162 3487 1305 3537; x_wconf 74' lang='lat' dir='ltr'>virtutium</span> 
     </span>
     <span class='ocr_line' id='line_1_35' title="bbox 104 3542 1302 3684; baseline 0.004 -24"><span class='ocrx_word' id='word_1_355' title='bbox 104 3543 446 3672; x_wconf 51' lang='lat' dir='ltr'>shslvlvlsdElilllengr’ulihtllllhl</span> <span class='ocrx_word' id='word_1_356' title='bbox 457 3542 677 3657; x_wconf 57' lang='lat' dir='ltr'>ttelmlletthsevihhlnlh</span> <span class='ocrx_word' id='word_1_357' title='bbox 720 3557 899 3673; x_wconf 49' lang='lat' dir='ltr'>lelzlcs]</span> <span class='ocrx_word' id='word_1_358' title='bbox 932 3607 994 3658; x_wconf 86' lang='lat' dir='ltr'>This</span> <span class='ocrx_word' id='word_1_359' title='bbox 1011 3625 1063 3684; x_wconf 82' lang='lat' dir='ltr'>wss</span> <span class='ocrx_word' id='word_1_360' title='bbox 1079 3610 1143 3661; x_wconf 89' lang='lat' dir='ltr'>done</span> <span class='ocrx_word' id='word_1_361' title='bbox 1158 3611 1192 3677; x_wconf 93' lang='lat' dir='ltr'>by</span> <span class='ocrx_word' id='word_1_362' title='bbox 1203 3613 1246 3663; x_wconf 92' lang='lat' dir='ltr'>the</span> <span class='ocrx_word' id='word_1_363' title='bbox 1258 3614 1302 3665; x_wconf 93' lang='lat' dir='ltr'>de·</span> 
     </span>
     <span class='ocr_line' id='line_1_36' title="bbox 104 3670 1304 3743; baseline 0.005 -19"><span class='ocrx_word' id='word_1_364' title='bbox 104 3674 221 3739; x_wconf 72' lang='lat' dir='ltr'>grsnting</span> <span class='ocrx_word' id='word_1_365' title='bbox 231 3674 283 3723; x_wconf 90' lang='lat' dir='ltr'>him</span> <span class='ocrx_word' id='word_1_366' title='bbox 295 3674 354 3737; x_wconf 87' lang='lat' dir='ltr'>only</span> <span class='ocrx_word' id='word_1_367' title='bbox 365 3673 416 3722; x_wconf 92' lang='lat' dir='ltr'>this</span> <span class='ocrx_word' id='word_1_368' title='bbox 426 3671 560 3736; x_wconf 81' lang='lat' dir='ltr'>secondsry</span> <span class='ocrx_word' id='word_1_369' title='bbox 571 3670 675 3721; x_wconf 90' lang='lat' dir='ltr'>honour.</span> <span class='ocrx_word' id='word_1_370' title='bbox 727 3685 781 3722; x_wconf 84' lang='lat' dir='ltr'>eres</span> <span class='ocrx_word' id='word_1_371' title='bbox 791 3671 819 3721; x_wconf 85' lang='lat' dir='ltr'>ot</span> <span class='ocrx_word' id='word_1_372' title='bbox 833 3670 900 3722; x_wconf 87' lang='lat' dir='ltr'>June</span> <span class='ocrx_word' id='word_1_373' title='bbox 912 3675 951 3734; x_wconf 92' lang='grc'>30,</span> <span class='ocrx_word' id='word_1_374' title='bbox 968 3672 1050 3724; x_wconf 85' lang='lat' dir='ltr'>whroh</span> <span class='ocrx_word' id='word_1_375' title='bbox 1066 3675 1179 3726; x_wconf 85' lang='lat' dir='ltr'>dcelurcd</span> <span class='ocrx_word' id='word_1_376' title='bbox 1193 3678 1304 3743; x_wconf 87' lang='lat' dir='ltr'>Lepidus</span> 
     </span>
     <span class='ocr_line' id='line_1_37' title="bbox 138 3735 1117 3803; baseline 0 -15"><span class='ocrx_word' id='word_1_377' title='bbox 138 3741 181 3788; x_wconf 81' lang='lat' dir='ltr'>loe</span> <span class='ocrx_word' id='word_1_378' title='bbox 201 3743 280 3801; x_wconf 76' lang='lat' dir='ltr'>iprum</span> <span class='ocrx_word' id='word_1_379' title='bbox 299 3735 413 3803; x_wconf 79' lang='lat' dir='ltr'>nimium]</span> <span class='ocrx_word' id='word_1_380' title='bbox 457 3736 506 3787; x_wconf 88' lang='lat' dir='ltr'>We</span> <span class='ocrx_word' id='word_1_381' title='bbox 527 3742 631 3786; x_wconf 86' lang='lat' dir='ltr'>venture</span> <span class='ocrx_word' id='word_1_382' title='bbox 650 3740 677 3785; x_wconf 87' lang='lat' dir='ltr'>to</span> <span class='ocrx_word' id='word_1_383' title='bbox 725 3735 836 3799; x_wconf 87' lang='lat' dir='ltr'>spublic</span> <span class='ocrx_word' id='word_1_384' title='bbox 846 3751 951 3802; x_wconf 91' lang='lat' dir='ltr'>enemy:</span> <span class='ocrx_word' id='word_1_385' title='bbox 970 3753 1009 3800; x_wconf 86' lang='lat' dir='ltr'>ep.</span> <span class='ocrx_word' id='word_1_386' title='bbox 1023 3742 1079 3800; x_wconf 89' lang='grc'><strong>910,</strong></span> <span class='ocrx_word' id='word_1_387' title='bbox 1095 3743 1117 3788; x_wconf 92' lang='grc'>1.</span> 
     </span>
     <span class='ocr_line' id='line_1_38' title="bbox 104 3800 1299 3873; baseline 0.003 -18"><span class='ocrx_word' id='word_1_388' title='bbox 104 3804 244 3855; x_wconf 81' lang='lat' dir='ltr'>thinkthst</span> <span class='ocrx_word' id='word_1_389' title='bbox 253 3802 362 3854; x_wconf 87' lang='lat' dir='ltr'>thisisa</span> <span class='ocrx_word' id='word_1_390' title='bbox 377 3802 443 3865; x_wconf 80' lang='lat' dir='ltr'>gloss</span> <span class='ocrx_word' id='word_1_391' title='bbox 456 3800 484 3850; x_wconf 80' lang='lat' dir='ltr'>oi</span> <span class='ocrx_word' id='word_1_392' title='bbox 496 3816 512 3850; x_wconf 89' lang='lat' dir='ltr'>s</span> <span class='ocrx_word' id='word_1_393' title='bbox 525 3801 610 3849; x_wconf 77' lang='lat' dir='ltr'>render</span> <span class='ocrx_word' id='word_1_394' title='bbox 620 3800 678 3851; x_wconf 92' lang='lat' dir='ltr'>who</span> <span class='ocrx_word' id='word_1_395' title='bbox 762 3804 800 3851; x_wconf 91' lang='grc'>10.</span> <span class='ocrx_word' id='word_1_396' title='bbox 819 3801 900 3866; x_wconf 74' lang='lat' dir='ltr'>saepe]</span> <span class='ocrx_word' id='word_1_397' title='bbox 928 3801 1299 3873; x_wconf 81' lang='lat' dir='ltr'>Forattributivcadvcrbsep.</span> 
     </span>
     <span class='ocr_line' id='line_1_39' title="bbox 105 3863 1302 3936; baseline 0.003 -18"><span class='ocrx_word' id='word_1_398' title='bbox 105 3869 198 3919; x_wconf 82' lang='lat' dir='ltr'>wished</span> <span class='ocrx_word' id='word_1_399' title='bbox 215 3875 242 3918; x_wconf 88' lang='lat' dir='ltr'>to</span> <span class='ocrx_word' id='word_1_400' title='bbox 259 3882 358 3931; x_wconf 85' lang='lat' dir='ltr'>express</span> <span class='ocrx_word' id='word_1_401' title='bbox 376 3866 419 3915; x_wconf 91' lang='lat' dir='ltr'>the</span> <span class='ocrx_word' id='word_1_402' title='bbox 431 3866 486 3930; x_wconf 88' lang='lat' dir='ltr'>just</span> <span class='ocrx_word' id='word_1_403' title='bbox 503 3863 604 3927; x_wconf 90' lang='lat' dir='ltr'>opinion</span> <span class='ocrx_word' id='word_1_404' title='bbox 623 3864 679 3914; x_wconf 87' lang='lat' dir='ltr'>that</span> <span class='ocrx_word' id='word_1_405' title='bbox 727 3863 760 3914; x_wconf 83' lang='lat' dir='ltr'>N.</span> <span class='ocrx_word' id='word_1_406' title='bbox 772 3864 805 3914; x_wconf 89' lang='lat' dir='ltr'>D.</span> <span class='ocrx_word' id='word_1_407' title='bbox 815 3865 843 3914; x_wconf 89' lang='lat' dir='ltr'>ii.</span> <span class='ocrx_word' id='word_1_408' title='bbox 859 3869 912 3926; x_wconf 85' lang='lat'>166,</span> <span class='ocrx_word' id='word_1_409' title='bbox 921 3869 1015 3916; x_wconf 70' lang='lat' dir='ltr'>domm</span> <span class='ocrx_word' id='word_1_410' title='bbox 1026 3876 1302 3936; x_wconf 58' lang='lat' dir='ltr'>summouentium</span> 
     </span>
     <span class='ocr_line' id='line_1_40' title="bbox 104 3927 1298 3998; baseline 0.005 -16"><span class='ocrx_word' id='word_1_411' title='bbox 104 3934 147 3984; x_wconf 89' lang='lat' dir='ltr'>the</span> <span class='ocrx_word' id='word_1_412' title='bbox 158 3933 289 3996; x_wconf 78' lang='lat' dir='ltr'>preceding</span> <span class='ocrx_word' id='word_1_413' title='bbox 300 3936 432 3980; x_wconf 78' lang='lat' dir='ltr'>statement</span> <span class='ocrx_word' id='word_1_414' title='bbox 442 3930 470 3979; x_wconf 84' lang='lat' dir='ltr'>ef</span> <span class='ocrx_word' id='word_1_415' title='bbox 479 3928 563 3980; x_wconf 83' lang='lat' dir='ltr'>Cicero</span> <span class='ocrx_word' id='word_1_416' title='bbox 574 3943 626 3979; x_wconf 80' lang='lat' dir='ltr'>wss</span> <span class='ocrx_word' id='word_1_417' title='bbox 636 3935 678 3979; x_wconf 84' lang='lat' dir='ltr'>too</span> <span class='ocrx_word' id='word_1_418' title='bbox 727 3927 810 3979; x_wconf 84' lang='lat' dir='ltr'>which</span> <span class='ocrx_word' id='word_1_419' title='bbox 821 3929 949 3980; x_wconf 79' lang='lat' dir='ltr'>Professor</span> <span class='ocrx_word' id='word_1_420' title='bbox 959 3930 1049 3996; x_wconf 84' lang='lat' dir='ltr'>Mayor</span> <span class='ocrx_word' id='word_1_421' title='bbox 1059 3940 1145 3998; x_wconf 87' lang='lat' dir='ltr'>quotes</span> <span class='ocrx_word' id='word_1_422' title='bbox 1153 3935 1210 3985; x_wconf 82' lang='lat' dir='ltr'>Ter.</span> <span class='ocrx_word' id='word_1_423' title='bbox 1219 3939 1298 3988; x_wconf 82' lang='lat' dir='ltr'>Andr.</span> 
     </span>
     <span class='ocr_line' id='line_1_41' title="bbox 106 3992 1300 4062; baseline 0.008 -17"><span class='ocrx_word' id='word_1_424' title='bbox 106 3997 192 4062; x_wconf 79' lang='lat' dir='ltr'>highly</span> <span class='ocrx_word' id='word_1_425' title='bbox 220 3997 341 4047; x_wconf 90' lang='lat' dir='ltr'>coloured.</span> <span class='ocrx_word' id='word_1_426' title='bbox 383 3994 410 4043; x_wconf 85' lang='lat' dir='ltr'>Il</span> <span class='ocrx_word' id='word_1_427' title='bbox 437 3993 480 4044; x_wconf 91' lang='lat' dir='ltr'>the</span> <span class='ocrx_word' id='word_1_428' title='bbox 506 3993 587 4043; x_wconf 92' lang='lat' dir='ltr'>words</span> <span class='ocrx_word' id='word_1_429' title='bbox 613 4009 679 4044; x_wconf 86' lang='lat' dir='ltr'>were</span> <span class='ocrx_word' id='word_1_430' title='bbox 726 3992 745 4044; x_wconf 90' lang='lat' dir='ltr'>i.</span> <span class='ocrx_word' id='word_1_431' title='bbox 756 3996 780 4054; x_wconf 89' lang='grc'><strong>2,</strong></span> <span class='ocrx_word' id='word_1_432' title='bbox 794 3997 818 4056; x_wconf 97' lang='grc'>4,</span> <span class='ocrx_word' id='word_1_433' title='bbox 831 3996 868 4043; x_wconf 80' lang='lat' dir='ltr'>orl</span> <span class='ocrx_word' id='word_1_434' title='bbox 878 3998 1073 4057; x_wconf 78' lang='lat' dir='ltr'>umpsrlem&#39;tas:</span> <span class='ocrx_word' id='word_1_435' title='bbox 1091 3998 1173 4050; x_wconf 85' lang='lat' dir='ltr'>Plsut.</span> <span class='ocrx_word' id='word_1_436' title='bbox 1184 4001 1252 4052; x_wconf 89' lang='lat' dir='ltr'>Pers.</span> <span class='ocrx_word' id='word_1_437' title='bbox 1261 4019 1300 4054; x_wconf 88' lang='grc' dir='ltr'>ιιι</span> 
     </span>
     <span class='ocr_line' id='line_1_42' title="bbox 104 4056 1299 4121; baseline 0.003 -9"><span class='ocrx_word' id='word_1_438' title='bbox 104 4062 213 4112; x_wconf 84' lang='lat' dir='ltr'>Oicevo’s</span> <span class='ocrx_word' id='word_1_439' title='bbox 231 4077 288 4111; x_wconf 91' lang='lat' dir='ltr'>own</span> <span class='ocrx_word' id='word_1_440' title='bbox 307 4077 345 4110; x_wconf 92' lang='lat' dir='ltr'>we</span> <span class='ocrx_word' id='word_1_441' title='bbox 366 4058 455 4110; x_wconf 87' lang='lat' dir='ltr'>should</span> <span class='ocrx_word' id='word_1_442' title='bbox 493 4057 596 4121; x_wconf 87' lang='lat' dir='ltr'>robsbly</span> <span class='ocrx_word' id='word_1_443' title='bbox 613 4056 678 4108; x_wconf 86' lang='lat' dir='ltr'>heve</span> <span class='ocrx_word' id='word_1_444' title='bbox 729 4061 753 4121; x_wconf 92' lang='lat'>1,</span> <span class='ocrx_word' id='word_1_445' title='bbox 766 4059 806 4120; x_wconf 81' lang='lat' dir='ltr'>et,</span> <span class='ocrx_word' id='word_1_446' title='bbox 824 4074 871 4107; x_wconf 82' lang='lat' dir='ltr'>non</span> <span class='ocrx_word' id='word_1_447' title='bbox 887 4065 914 4107; x_wconf 80' lang='lat' dir='ltr'>tu</span> <span class='ocrx_word' id='word_1_448' title='bbox 929 4062 1124 4112; x_wconf 75' lang='lat' dir='ltr'>numlcminum</span> <span class='ocrx_word' id='word_1_449' title='bbox 1134 4081 1210 4115; x_wconf 65' lang='lat' dir='ltr'>mora</span> <span class='ocrx_word' id='word_1_450' title='bbox 1225 4070 1299 4119; x_wconf 75' lang='lat' dir='ltr'>older.</span> 
     </span>
     <span class='ocr_line' id='line_1_43' title="bbox 103 4121 1299 4192; baseline 0.006 -17"><span class='ocrx_word' id='word_1_451' title='bbox 103 4143 171 4177; x_wconf 91' lang='lat' dir='ltr'>some</span> <span class='ocrx_word' id='word_1_452' title='bbox 192 4125 361 4192; x_wconf 82' lang='lat' dir='ltr'>qushheotion</span> <span class='ocrx_word' id='word_1_453' title='bbox 382 4125 461 4174; x_wconf 79' lang='lat' dir='ltr'>added</span> <span class='ocrx_word' id='word_1_454' title='bbox 490 4123 495 4134; x_wconf 85' lang='grc'><em>“</em></span> <span class='ocrx_word' id='word_1_455' title='bbox 515 4138 529 4173; x_wconf 91' lang='lat' dir='ltr'>e</span> <span class='ocrx_word' id='word_1_456' title='bbox 552 4124 593 4171; x_wconf 78' lang='lat' dir='ltr'>red</span> <span class='ocrx_word' id='word_1_457' title='bbox 604 4123 675 4184; x_wconf 83' lang='lat' dir='ltr'>sort·</span> <span class='ocrx_word' id='word_1_458' title='bbox 727 4121 822 4172; x_wconf 82' lang='lat' dir='ltr'>Becher</span> <span class='ocrx_word' id='word_1_459' title='bbox 838 4138 962 4187; x_wconf 82' lang='lat' dir='ltr'>compares</span> <span class='ocrx_word' id='word_1_460' title='bbox 979 4128 1036 4190; x_wconf 88' lang='grc'><strong>864,</strong></span> <span class='ocrx_word' id='word_1_461' title='bbox 1050 4130 1073 4189; x_wconf 88' lang='grc'>3,</span> <span class='ocrx_word' id='word_1_462' title='bbox 1087 4131 1212 4180; x_wconf 71' lang='lat' dir='ltr'>cuiusvis</span> <span class='ocrx_word' id='word_1_463' title='bbox 1227 4135 1299 4182; x_wconf 70' lang='lat' dir='ltr'>otiare</span> 
     </span>
     <span class='ocr_line' id='line_1_44' title="bbox 104 4190 1301 4253; baseline 0.019 -28"><span class='ocrx_word' id='word_1_464' title='bbox 104 4208 164 4241; x_wconf 53' lang='lat' dir='ltr'>am,</span> <span class='ocrx_word' id='word_1_465' title='bbox 726 4203 790 4237; x_wconf 80' lang='lat' dir='ltr'>nune</span> <span class='ocrx_word' id='word_1_466' title='bbox 806 4190 871 4246; x_wconf 69' lang='lat' dir='ltr'>sirir</span> <span class='ocrx_word' id='word_1_467' title='bbox 895 4190 952 4251; x_wconf 77' lang='grc'>910,</span> <span class='ocrx_word' id='word_1_468' title='bbox 974 4192 997 4253; x_wconf 87' lang='grc'>3,</span> <span class='ocrx_word' id='word_1_469' title='bbox 1017 4208 1065 4253; x_wconf 73' lang='lat' dir='ltr'>pro</span> <span class='ocrx_word' id='word_1_470' title='bbox 1083 4196 1255 4246; x_wconf 67' lang='lat' dir='ltr'>Mulermlulc</span> <span class='ocrx_word' id='word_1_471' title='bbox 1272 4214 1301 4248; x_wconf 83' lang='lat' dir='ltr'>as</span> 
     </span>
     <span class='ocr_line' id='line_1_45' title="bbox 131 4251 1298 4320; baseline 0.008 -15"><span class='ocrx_word' id='word_1_472' title='bbox 131 4253 271 4320; x_wconf 65' lang='lat' dir='ltr'>procoma]</span> <span class='ocrx_word' id='word_1_473' title='bbox 313 4254 395 4304; x_wconf 86' lang='lat' dir='ltr'>Ruets</span> <span class='ocrx_word' id='word_1_474' title='bbox 416 4266 534 4317; x_wconf 87' lang='lat' dir='ltr'>supposes</span> <span class='ocrx_word' id='word_1_475' title='bbox 555 4251 611 4302; x_wconf 86' lang='lat' dir='ltr'>that</span> <span class='ocrx_word' id='word_1_476' title='bbox 626 4251 679 4312; x_wconf 77' lang='lat' dir='ltr'>this</span> <span class='ocrx_word' id='word_1_477' title='bbox 722 4267 801 4314; x_wconf 78' lang='lat' dir='ltr'>passe</span> <span class='ocrx_word' id='word_1_478' title='bbox 814 4268 898 4315; x_wconf 77' lang='lat' dir='ltr'>puero.</span> <span class='ocrx_word' id='word_1_479' title='bbox 932 4254 988 4304; x_wconf 82' lang='lat' dir='ltr'>Add</span> <span class='ocrx_word' id='word_1_480' title='bbox 1009 4255 1072 4307; x_wconf 82' lang='lat' dir='ltr'>Sest.</span> <span class='ocrx_word' id='word_1_481' title='bbox 1091 4261 1122 4308; x_wconf 90' lang='grc'>93</span> <span class='ocrx_word' id='word_1_482' title='bbox 1137 4262 1185 4310; x_wconf 86' lang='lat' dir='ltr'>sud</span> <span class='ocrx_word' id='word_1_483' title='bbox 1202 4260 1253 4312; x_wconf 82' lang='lat' dir='ltr'>Oli.</span> <span class='ocrx_word' id='word_1_484' title='bbox 1270 4263 1298 4314; x_wconf 86' lang='lat' dir='ltr'>ii.</span> 
     </span>
     <span class='ocr_line' id='line_1_46' title="bbox 104 4315 1298 4387; baseline 0.006 -16"><span class='ocrx_word' id='word_1_485' title='bbox 104 4322 180 4385; x_wconf 86' lang='lat' dir='ltr'>word,</span> <span class='ocrx_word' id='word_1_486' title='bbox 198 4338 225 4370; x_wconf 81' lang='lat' dir='ltr'>us</span> <span class='ocrx_word' id='word_1_487' title='bbox 241 4320 299 4370; x_wconf 92' lang='lat' dir='ltr'>well</span> <span class='ocrx_word' id='word_1_488' title='bbox 314 4336 341 4368; x_wconf 86' lang='lat' dir='ltr'>as</span> <span class='ocrx_word' id='word_1_489' title='bbox 359 4321 442 4367; x_wconf 76' lang='lat' dir='ltr'>diuina</span> <span class='ocrx_word' id='word_1_490' title='bbox 455 4321 534 4366; x_wconf 78' lang='lat' dir='ltr'>virtus</span> <span class='ocrx_word' id='word_1_491' title='bbox 550 4318 578 4366; x_wconf 90' lang='lat' dir='ltr'>in</span> <span class='ocrx_word' id='word_1_492' title='bbox 594 4315 679 4381; x_wconf 55' lang='lat' dir='ltr'>§his</span> <span class='ocrx_word' id='word_1_493' title='bbox 728 4319 768 4379; x_wconf 86' lang='grc'><strong>20,</strong></span> <span class='ocrx_word' id='word_1_494' title='bbox 782 4318 864 4368; x_wconf 89' lang='lat' dir='ltr'>where</span> <span class='ocrx_word' id='word_1_495' title='bbox 880 4318 925 4369; x_wconf 89' lang='lat' dir='ltr'>Dr.</span> <span class='ocrx_word' id='word_1_496' title='bbox 944 4318 1045 4371; x_wconf 86' lang='lat' dir='ltr'>Holden</span> <span class='ocrx_word' id='word_1_497' title='bbox 1061 4329 1148 4387; x_wconf 89' lang='lat' dir='ltr'>quotes</span> <span class='ocrx_word' id='word_1_498' title='bbox 1165 4329 1177 4374; x_wconf 91' lang='lat' dir='ltr'>l</span> <span class='ocrx_word' id='word_1_499' title='bbox 1193 4325 1258 4377; x_wconf 87' lang='lat' dir='ltr'>Tim.</span> <span class='ocrx_word' id='word_1_500' title='bbox 1271 4344 1298 4379; x_wconf 83' lang='lat' dir='ltr'>v.</span> 
     </span>
     <span class='ocr_line' id='line_1_47' title="bbox 103 4381 1302 4465; baseline 0.008 -31"><span class='ocrx_word' id='word_1_501' title='bbox 103 4386 214 4450; x_wconf 71' lang='lat' dir='ltr'>ironiam,</span> <span class='ocrx_word' id='word_1_502' title='bbox 233 4385 296 4434; x_wconf 90' lang='lat' dir='ltr'>with</span> <span class='ocrx_word' id='word_1_503' title='bbox 312 4383 396 4434; x_wconf 84' lang='lat' dir='ltr'>which</span> <span class='ocrx_word' id='word_1_504' title='bbox 414 4381 515 4446; x_wconf 89' lang='lat' dir='ltr'>opinion</span> <span class='ocrx_word' id='word_1_505' title='bbox 533 4396 572 4432; x_wconf 90' lang='lat' dir='ltr'>we</span> <span class='ocrx_word' id='word_1_506' title='bbox 587 4388 679 4432; x_wconf 77' lang='lat' dir='ltr'>cannot</span> <span class='ocrx_word' id='word_1_507' title='bbox 729 4384 770 4443; x_wconf 86' lang='grc'><strong>23,</strong></span> <span class='ocrx_word' id='word_1_508' title='bbox 788 4381 856 4434; x_wconf 85' lang='lat' dir='ltr'>‘Usc</span> <span class='ocrx_word' id='word_1_509' title='bbox 866 4399 882 4434; x_wconf 87' lang='lat' dir='ltr'>s</span> <span class='ocrx_word' id='word_1_510' title='bbox 892 4383 957 4436; x_wconf 88' lang='lat' dir='ltr'>little</span> <span class='ocrx_word' id='word_1_511' title='bbox 974 4384 1040 4436; x_wconf 89' lang='lat' dir='ltr'>wine</span> <span class='ocrx_word' id='word_1_512' title='bbox 1050 4387 1091 4437; x_wconf 82' lang='lat' dir='ltr'>lor</span> <span class='ocrx_word' id='word_1_513' title='bbox 1106 4388 1153 4465; x_wconf 89' lang='lat' dir='ltr'>thy</span> <span class='ocrx_word' id='word_1_514' title='bbox 1167 4392 1302 4444; x_wconf 86' lang='lat' dir='ltr'>stomach’s</span> 
     </span>
     <span class='ocr_line' id='line_1_48' title="bbox 102 4445 1303 4515; baseline 0.007 -15"><span class='ocrx_word' id='word_1_515' title='bbox 102 4466 184 4515; x_wconf 82' lang='lat' dir='ltr'>ugrce.</span> <span class='ocrx_word' id='word_1_516' title='bbox 219 4450 305 4501; x_wconf 84' lang='lat' dir='ltr'>Cicero</span> <span class='ocrx_word' id='word_1_517' title='bbox 314 4465 399 4499; x_wconf 77' lang='lat' dir='ltr'>means</span> <span class='ocrx_word' id='word_1_518' title='bbox 412 4445 512 4499; x_wconf 84' lang='lat' dir='ltr'>thstD.</span> <span class='ocrx_word' id='word_1_519' title='bbox 525 4445 619 4498; x_wconf 89' lang='lat' dir='ltr'>Brutus</span> <span class='ocrx_word' id='word_1_520' title='bbox 629 4446 679 4498; x_wconf 84' lang='lat' dir='ltr'>und</span> <span class='ocrx_word' id='word_1_521' title='bbox 728 4446 788 4499; x_wconf 73' lang='lat' dir='ltr'>sule</span> <span class='ocrx_word' id='word_1_522' title='bbox 809 4448 859 4500; x_wconf 77' lang='lat' dir='ltr'>und</span> <span class='ocrx_word' id='word_1_523' title='bbox 878 4448 950 4502; x_wconf 84' lang='lat' dir='ltr'>thina</span> <span class='ocrx_word' id='word_1_524' title='bbox 971 4450 1037 4514; x_wconf 74' lang='lat' dir='ltr'>estes</span> <span class='ocrx_word' id='word_1_525' title='bbox 1053 4452 1213 4507; x_wconf 61' lang='lat' dir='ltr'>infirmitissss</span> <span class='ocrx_word' id='word_1_526' title='bbox 1254 4456 1303 4509; x_wconf 88' lang='lat' dir='ltr'>We</span> 
     </span>
    </p>
   </div>
   <div class='ocr_carea' id='block_1_4' title="bbox 1128 4533 1174 4586">
    <p class='ocr_par' dir='ltr' id='par_1_4' title="bbox 1128 4533 1174 4586">
     <span class='ocr_line' id='line_1_49' title="bbox 1128 4533 1174 4586; baseline 0 0"><span class='ocrx_word' id='word_1_527' title='bbox 1128 4533 1174 4586; x_wconf 85' lang='grc'><strong>12</strong></span> 
     </span>
     <span class='ocr_line' id='line_1_50' title="bbox 1132 4563 1141 4577; baseline 0 0"><span class='ocrx_word' id='word_1_528' title='bbox 1132 4563 1141 4577; x_wconf 64' lang='grc' dir='ltr'>ἱ</span> 
     </span>
    </p>
   </div>
   <div class='ocr_carea' id='block_1_5' title="bbox 0 0 1516 5444">
    <p class='ocr_par' dir='ltr' id='par_1_5' title="bbox 0 0 1516 5444">
     <span class='ocr_line' id='line_1_51' title="bbox 0 0 1516 5444; baseline 0 4"><span class='ocrx_word' id='word_1_529' title='bbox 0 0 1516 5444; x_wconf 95' lang='lat' dir='ltr'> </span> 
     </span>
    </p>
   </div>
  </div>
 </body>
</html>
