3022 5444
428 425 709 493 necessum.
734 424 856 509 (nnnc
881 426 924 489 x.
949 427 1017 509 cr).
1282 427 1325 490 77

111 634 237 678 morum
268 613 420 678 societate
450 613 612 697 seiungas,
643 611 762 677 deinde
785 619 817 677 te
840 611 969 678 senatui
995 612 1152 697 bonisque
1175 612 1326 678 omnibus

110 721 286 796 auctorem,
313 716 503 801 prinoipem,
529 717 644 779 ducem
667 713 832 799 praebeas,
856 720 1019 800 postremo
1050 721 1087 780 ut
1115 737 1227 799 pacem
1258 737 1326 782 esse

111 819 233 884 iudices
248 841 313 883 non
330 819 364 882 in
381 819 479 882 armis
501 818 625 904 positis,
647 818 704 882 sed
725 818 760 881 in
782 818 906 883 abieoto
929 840 1094 883 armorum
1112 828 1146 883 et
1160 819 1327 884 servitutis

111 927 211 988 metu.
256 920 352 986 Haeo
370 923 398 987 si
419 926 452 986 et
471 943 548 1007 ages
568 925 600 985 et
620 920 749 997 senties,
773 925 843 984 turn
866 922 929 984 eris
953 943 1020 985 non
1041 922 1137 986 modo
1159 921 1272 986 consul
1294 925 1328 985 st

110 1024 298 1102 consularis,
315 1026 370 1089 sed
385 1045 526 1109 magnus
547 1024 646 1087 etiam
669 1023 781 1088 consul
796 1028 829 1088 et
844 1023 1042 1088 consularis:
1067 1023 1119 1087 sin
1134 1024 1238 1102 aliter,
1255 1031 1327 1089 tum

111 1127 147 1192 in
162 1127 233 1192 istis
252 1128 458 1213 amplissimis
479 1126 665 1192 nominibus
685 1127 845 1191 honorum
865 1148 932 1191 non
953 1127 1049 1192 modo
1069 1126 1216 1210 dignitas
1235 1126 1329 1190 nulla

111 1229 183 1308 erit,
214 1231 270 1294 sed
300 1233 360 1296 erit
391 1253 518 1296 summu
547 1229 748 1294 deformitas.
795 1228 889 1294 Haeo
911 1229 1070 1314 impulsus
1101 1227 1328 1294 benevolentia

112 1332 224 1417 scripsi
247 1334 343 1417 paulo
367 1333 517 1412 severius,
540 1355 623 1418 quae
646 1337 684 1397 tu
707 1332 742 1396 in
760 1332 957 1416 experiendo
980 1355 1018 1396 ea
1036 1331 1172 1410 ratione,
1192 1354 1275 1416 quae
1295 1337 1329 1397 te

113 1435 216 1519 digna
233 1441 292 1513 est,
309 1458 386 1502 vera
401 1459 469 1502 esse
485 1457 668 1520 cognosces.
714 1437 747 1500 d.
764 1456 841 1500 xus.
858 1434 936 1500 Kal.
953 1434 1035 1520 Apr.

180 1811 454 1879 DCCCXXVII.
501 1811 675 1878 CICERO
701 1811 760 1878 ΤΟ
783 1810 991 1877 LEPIDUS
1017 1812 1121 1894 (Fau.
1145 1834 1186 1917 x..
1204 1817 1262 1896 27).

151 2013 262 2070 sous3
285 2013 406 2056 aaron
422 2011 454 2058 co
472 1991 672 2077 (nvanruo);
689 2013 721 2057 a,
735 2013 768 2057 u.
783 2012 810 2056 c.
828 2008 899 2071 7115
917 2012 948 2054 a.
965 2012 993 2054 o.
1010 2011 1061 2071 ⁴³3
1087 2013 1161 2057 sur.
1175 2014 1234 2057 cic.
1252 2013 1295 2059 ea.

165 2165 202 2215 M.
216 2165 302 2216 Cicero
320 2164 356 2213 M.
371 2164 492 2227 Lepidum
505 2164 628 2229 obiurgat,
643 2167 710 2230 quod
727 2165 830 2215 summis
847 2165 983 2215 honoribus
997 2171 1100 2215 ornatus
1110 2181 1125 2216 a
1136 2172 1224 2217 senatu
1237 2167 1330 2230 gratiss

114 2264 165 2298 nen
177 2246 264 2310 egerit,
278 2251 304 2295 et
313 2261 345 2295 na
357 2261 443 2308 paoem
454 2262 512 2296 cum
523 2247 634 2296 Antonio
645 2246 709 2297 inire
721 2247 783 2298 velit
794 2247 917 2297 hortatur.

529 2405 661 2459 CICERO
681 2404 815 2459 LEPIDO
838 2404 915 2458 SAL.

186 2548 214 2609 1.
241 2545 338 2615 Quod
356 2544 439 2609 mihi
462 2567 520 2630 pro
542 2566 670 2610 summa
686 2567 764 2629 erga
779 2550 812 2610 te
832 2541 1060 2609 benevolentia
1079 2563 1219 2625 magnae
1234 2563 1330 2608 curae

117 2656 175 2726 est,
201 2654 238 2713 ut
265 2669 363 2733 quam
392 2647 593 2732 amplissima
623 2647 787 2733 dignitato
818 2648 871 2727 sis,
897 2645 1032 2711 moleste
1056 2645 1119 2710 tuli
1145 2649 1179 2709 te
1203 2647 1330 2711 senatui

118 2753 241 2838 gratias
255 2771 322 2815 non
338 2750 452 2835 egisse,
467 2772 541 2815 cum
556 2773 639 2816 esses
654 2748 695 2815 ab
711 2771 749 2816 eo
769 2750 882 2815 ordine
898 2753 1032 2814 ornatus
1047 2747 1183 2813 summis
1198 2746 1329 2813 honori·

117 2854 187 2920 bus.
234 2852 328 2918 Pacis
348 2854 434 2918 inter
454 2853 533 2917 civis
553 2853 773 2918 conciliandae
793 2857 826 2918 te
849 2852 1003 2938 cupidum
1024 2874 1091 2917 esse
1109 2851 1234 2916 laetor:
1258 2872 1330 2916 eam

118 2958 147 3024 si
161 2979 181 3022 a
195 2956 350 3022 servitute
373 2955 527 3041 seiungis,
548 2957 693 3020 consules
714 2960 747 3021 et
770 2956 817 3022 rei
838 2955 987 3040 publicae
1008 2958 1041 3020 et
1062 2953 1218 3039 dignitati
1233 2959 1330 3032 tuce;

119 3064 170 3126 sin
193 3059 256 3125 ista
281 3082 346 3145 pax
371 3058 534 3143 perditum
564 3058 729 3124 bominem
753 3058 788 3124 in
811 3059 1043 3144 possessionem
1068 3056 1332 3143 impotentissimi

119 3163 304 3229 dominatus
319 3161 510 3226 restitutura
524 3164 582 3238 est,
599 3161 659 3227 hoo
671 3162 780 3226 animo
796 3162 875 3227 seito
892 3183 1003 3226 omnes
1018 3182 1124 3238 sanos,
1140 3164 1178 3225 ut
1192 3164 1331 3226 mortem

152 3339 269 3380 auctorem
291 3366 296 3377 .
319 3365 325 3376 .
348 3364 354 3375 .
370 3331 449 3377 ducem
499 3332 526 3378 ‘s
537 3328 641 3393 mering
655 3328 696 3378 in-
749 3330 881 3395 yourself‚'
894 3329 934 3380 lit.
951 3329 987 3379 ‘ii
997 3345 1049 3395 you
1059 3335 1131 3380 enter
1141 3345 1197 3380 ena
1208 3346 1295 3381 course
1305 3332 1333 3382 of

120 3392 439 3508 tiluence,achiclactor‚a
460 3393 552 3444 eader.’
578 3393 643 3445 Note
654 3395 698 3445 the
748 3395 901 3459 reasening.'
1201 3421 1203 3424 ⁴

119 3474 219 3508 cimex.

154 3522 193 3587 ut]
227 3522 292 3570 Note
314 3520 357 3570 tbe
380 3521 458 3584 slight
477 3521 573 3585 change
590 3521 618 3570 of
640 3538 699 3572 con·
785 3527 805 3573 l.
822 3540 867 3585 pro
887 3539 978 3572 elisama
1027 3522 1253 3589 ..benevolentid
1288 3523 1333 3573 ‘in

121 3585 242 3637 struction
254 3588 318 3634 from
330 3585 386 3634 that
397 3587 425 3635 ol
433 3585 477 3634 the
488 3586 603 3635 relative.
750 3588 834 3638 virtue
853 3588 880 3638 oi
898 3603 914 3636 a
931 3593 1017 3650 strong
1033 3588 1121 3651 regard
1135 3589 1243 3637 towards
1260 3588 1330 3652 you)

153 3651 290 3708 strictim,
312 3647 375 3713 trans]
422 3649 454 3700 So
474 3649 500 3700 Η
523 3650 648 3708 Pa13but
671 3649 699 3699 M
751 3651 833 3702 Thera
844 3652 866 3701 is
877 3667 910 3702 no
921 3653 1046 3715 necessity
1058 3659 1083 3700 at
1095 3651 1226 3701 alltoadd
1237 3667 1298 3701 mea.

120 3717 165 3764 has
177 3723 212 3775 tu,
232 3712 315 3762 which
332 3711 462 3763 Gitlbauer
480 3716 514 3779 (p.
535 3716 575 3777 80)
597 3714 698 3775 retains,
784 3715 924 3781 honoribus]
942 3714 1176 3776 herisplicots'obad
1187 3715 1332 3766 beenvoted

120 3779 222 3844 putting
233 3779 276 3827 tho
296 3793 391 3826 comma
410 3778 476 3828 aiter
495 3786 528 3839 ta,
545 3780 595 3828 and
607 3780 698 3829 under·
750 3788 776 3829 to
797 3780 906 3843 Lepidus
926 3780 954 3828 in
970 3779 1112 3828 November
1130 3779 1206 3843 (Phil.
1224 3779 1261 3828 iii.
1280 3780 1331 3843 23),

120 3845 238 3907 standing
249 3845 445 3904 agesorssrrtier.
750 3844 800 3893 and
822 3861 837 3893 a
859 3843 942 3907 gilded
959 3848 1042 3893 statue
1064 3844 1114 3892 and
1133 3859 1149 3892 a
1167 3843 1279 3907 triumph
1299 3859 1330 3894 en

153 3906 306 3972 defensitor]
343 3907 487 3957 ‘vileness’
750 3908 863 3972 Junuary
878 3912 915 3957 lst
926 3907 1004 3971 (Phil.
1016 3923 1042 3956 v.
1056 3910 1104 3965 41;
1125 3906 1179 3956 xiii.
1193 3909 1227 3970 9).

153 3977 179 4021 in
202 3975 340 4033 experiendo
362 3971 486 4038 ...estJ
523 3971 562 4021 ‘if
583 3989 634 4036 you
655 3978 700 4035 put
783 3971 899 4036 eeirsrrys's]
935 3971 1086 4035 Wesenberg
1102 3972 1173 4021 reads
1192 3971 1252 4021 with
1264 3987 1331 4023 seme

120 4039 189 4088 them
201 4045 226 4086 to
242 4036 285 4086 the
300 4042 349 4087 test
366 4036 392 4084 iu
411 4036 454 4086 the
472 4036 531 4099 only
545 4053 599 4097 way
612 4036 668 4085 that
679 4037 700 4086 is
751 4037 792 4087 old
803 4037 858 4087 edd.
872 4039 986 4097 seiuncta.

121 4102 219 4164 worthy
238 4102 265 4150 of
297 4100 407 4150 ourself’
428 4100 534 4163 (Jsans).
570 4100 701 4150 Gitlbausr
783 4099 989 4166 irnpoteatissimi]
1033 4103 1115 4150 ‘most
1145 4101 1332 4163 ungeremable

120 4167 207 4216 thiulss
219 4181 256 4214 we
268 4117 355 4214 should
367 4163 429 4214 emit
441 4168 468 4213 in
479 4165 528 4214 and
539 4164 601 4214 alter
613 4173 639 4214 to
650 4181 701 4213 scm
751 4165 881 4230 tyranny!

122 4235 246 4279 rationem.
281 4228 323 4279 Hc
341 4244 459 4291 supposes
476 4228 520 4278 the
540 4228 655 4279 omission
674 4229 702 4279 oi
784 4227 930 4295 hocanimo]
964 4245 998 4278 sc.
1011 4245 1066 4278 esse.
1100 4228 1180 4279 There
1192 4229 1214 4277 is
1225 4244 1257 4279 no
1268 4231 1331 4280 need

122 4295 164 4345 the
187 4293 269 4342 stroke
290 4294 317 4342 in
340 4296 433 4341 ratione*
454 4293 495 4342 led
516 4300 543 4342 to
564 4293 608 4344 the
630 4293 703 4343 other
751 4300 777 4343 to
796 4295 844 4343 add
862 4310 910 4342 esse
929 4294 956 4344 in
975 4294 1019 4344 the
1036 4298 1100 4344 text.
1135 4293 1188 4343 The
1204 4293 1291 4356 ellipse
1310 4294 1332 4343 is

122 4357 285 4421 corruptions.
321 4357 406 4422 chyn
437 4357 482 4406 has
512 4360 577 4407 inita
599 4361 702 4415 ratione,
753 4357 871 4422 frequent
887 4358 953 4409 aiter
971 4359 1053 4420 verbs,
1081 4358 1222 4407 ‘sentiendi
1241 4366 1267 4408 et
1286 4358 1329 4408 de·

124 4423 162 4471 ‘il
178 4438 228 4487 you
246 4421 330 4472 reflect
350 4421 377 4471 in
399 4439 414 4470 a
437 4437 539 4471 manner
556 4423 655 4487 worthy
675 4422 704 4472 of
754 4421 891 4472 clarandi’:
912 4439 949 4486 cp.
962 4422 1129 4485 Heidernann,
1141 4438 1183 4486 pp.
1195 4425 1225 4472 35
1234 4422 1260 4482 ff,
1274 4422 1332 4472 who
