3022 5444
441 422 664 489 necarer.
691 425 812 509 (rara.
837 426 881 489 r.
905 422 972 508 aa).
1269 428 1307 491 el

97 613 251 678 acerrime
274 617 486 696 senatumque
508 611 574 675 iam
597 612 807 696 languentem
831 617 863 676 et
886 612 1048 677 defessum
1069 613 1111 678 ad
1135 612 1307 697 pristinam

98 716 254 781 virtutem
277 716 607 800 consuetudinemque
630 716 777 780 revocavi
803 716 910 802 magis
933 716 1034 782 animi
1056 738 1154 802 quam
1181 716 1308 802 ingenii

97 819 229 885 viribus.
276 818 345 883 Hie
370 819 439 882 dies
466 840 601 902 meaque
629 819 791 882 contentio
819 825 915 903 atque
940 819 1024 885 aetio
1049 841 1139 905 spem
1164 819 1308 905 primum

97 923 218 1009 populo
245 922 395 987 Romano
421 921 536 986 attulit
566 921 728 986 libertatis
757 922 1014 1006 recuperandam
1049 944 1109 987 nee
1132 944 1209 988 vero
1238 923 1307 1007 ipse

95 1030 207 1110 postea
222 1031 351 1111 tempus
365 1026 470 1091 ullum
486 1025 646 1090 intermisi
663 1026 703 1091 de
725 1048 760 1091 re
777 1023 907 1109 publico
928 1046 995 1090 non
1010 1025 1175 1110 cogitandi
1190 1026 1306 1105 solum,

94 1130 152 1194 sed
167 1129 265 1194 etiam
282 1128 412 1214 egendi.
459 1130 489 1192 3.
515 1128 612 1200 Quod
628 1129 691 1193 nisi
706 1151 756 1194 res
778 1128 918 1194 urbenes
933 1132 1068 1214 actaque
1083 1129 1193 1193 omnia
1208 1129 1251 1194 ad
1275 1135 1308 1193 te

95 1232 231 1318 perferri
255 1232 438 1311 arbitrarer,
461 1232 529 1317 ipse
553 1231 791 1316 perscriberem,
815 1254 1013 1318 quamquam
1040 1253 1129 1297 eram
1154 1231 1306 1297 maximis

94 1339 361 1426 occupationibus
370 1339 557 1425 impeditus.
589 1338 654 1404 Sed
668 1338 727 1403 illa
739 1359 910 1423 cognosces
926 1361 966 1403 ex
982 1336 1074 1416 aliis3
1091 1358 1177 1403 ame
1192 1359 1306 1423 pauca,

96 1450 128 1509 et
155 1464 194 1508 ea
218 1442 424 1508 summatim:
457 1441 613 1507 habemus
637 1442 754 1508 fortem
786 1446 944 1519 senatum,
972 1440 1155 1505 consulares
1185 1440 1306 1526 partim

95 1545 239 1623 timidos,
254 1546 375 1631 partim
390 1545 475 1610 male
491 1546 675 1612 sentientes.
717 1546 879 1630 Magnum
895 1545 1052 1610 damnum
1068 1544 1192 1611 fectum
1207 1544 1306 1610 estin

97 1648 219 1714 Servio.
265 1647 305 1714 L.
330 1649 448 1714 Caesar
471 1650 593 1734 optime
620 1648 729 1727 sentit,
755 1649 821 1728 sed,
845 1648 933 1733 quod
955 1647 1136 1713 avunculus
1159 1652 1218 1726 est,
1240 1670 1307 1713 non

95 1752 265 1817 acerrimas
300 1752 380 1816 dicit
415 1751 602 1817 sententies.
664 1750 820 1816 Consules
854 1752 999 1837 egregii;
1039 1751 1222 1835 praeclarus
1259 1750 1305 1818 D.

92 1853 240 1933 Brutus3
276 1856 427 1940 egregius
453 1877 533 1940 puer
560 1855 689 1934 Caesar,
715 1857 755 1919 de
782 1877 847 1941 quo
873 1876 965 1940 spero
991 1855 1142 1939 equidem
1168 1855 1305 1939 reliqua.

92 1957 169 2024 Hoc
184 1980 259 2023 vero
275 1965 398 2023 certum
414 1956 543 2035 habeto,
560 1958 623 2023 nisi
645 1958 702 2023 ille
717 1962 886 2023 veteranos
905 1958 1050 2023 celeriter
1065 1959 1306 2043 conscripsisset

90 2061 300 2147 legionesque
327 2063 411 2126 duae
441 2062 481 2126 de
507 2062 652 2126 exercitu
683 2061 823 2127 Antonii
853 2063 896 2126 ed
922 2061 991 2127 eius
1017 2084 1050 2126 se
1077 2063 1303 2128 auctoritatem

90 2165 304 2230 contulissent
328 2171 425 2249 atque
448 2165 476 2228 is
499 2165 665 2250 oppositus
683 2172 765 2230 esset
790 2170 892 2230 terror
912 2164 1071 2245 Antonio,
1090 2164 1174 2230 nihil
1196 2164 1305 2232 Anto·

93 2268 186 2333 nium
207 2266 343 2346 sceleris,
360 2268 445 2332 nihil
465 2267 667 2333 crudelitatis
688 2268 939 2353 praeteriturum
960 2267 1070 2334 fuisse.
1116 2267 1210 2334 Haeo
1231 2269 1303 2350 tibi,

93 2371 155 2436 etsi
171 2371 283 2436 audita
303 2394 370 2437 esse
391 2371 583 2449 arbitrabar,
600 2373 688 2437 volui
709 2378 820 2437 tamen
836 2372 964 2437 notiora
986 2393 1063 2437 esse.
1111 2370 1212 2437 Plura
1227 2372 1304 2438 sori-

94 2474 180 2554 bam,
197 2474 223 2538 si
239 2474 313 2559 plus
328 2475 387 2539 otii
402 2475 554 2542 habuero.

94 2669 242 2720 Antoniane.
286 2669 317 2718 In
341 2671 396 2719 that
413 2670 502 2733 speech
519 2676 589 2721 votes
608 2685 672 2720 were
756 2672 875 2719 libertatis
891 2666 1075 2733 recuperandae]
1109 2684 1149 2731 ep.
1163 2670 1219 2727 825,
1234 2671 1249 2717 2
1267 2669 1304 2732 (ot

94 2736 182 2798 passed
198 2734 225 2783 iu
244 2736 338 2783 honour
355 2736 383 2783 of
398 2735 431 2783 D.
452 2735 544 2784 Brutus
562 2736 611 2784 and
624 2735 671 2785 Oc·
723 2735 766 2785 the
777 2751 844 2784 same
856 2734 954 2796 speech,
964 2732 1015 2783 viz.
1025 2731 1069 2781 the
1079 2731 1148 2781 third
1155 2732 1301 2798 Philippic),

95 2800 196 2851 tavian:
210 2800 257 2847 und
267 2799 287 2847 it
297 2815 347 2847 was
359 2800 447 2849 mered
458 2800 563 2849 thutthe
574 2801 673 2849 decrecs
717 2800 880 2861 sandaracato
891 2801 935 2847 ieei
947 2801 983 2847 rei
992 2797 1108 2858 publieae.

94 2864 135 2914 for
160 2865 203 2913 the
227 2869 391 2927 government
415 2864 441 2912 ot
467 2867 510 2913 the
534 2865 673 2925 provinces,
757 2870 781 2913 3.
800 2863 909 2929 timidos]
931 2861 1080 2920 ‘cowerds';
1095 2863 1301 2924 maleeentientee,

94 2930 181 2993 passed
192 2936 218 2977 et
233 2928 276 2976 thc
293 2929 404 2978 instance
415 2929 442 2977 ot
459 2932 570 2993 auteur,
584 2929 673 2978 should
725 2928 860 2980 ‘traiters’

96 2993 256 3056 ber-egerded
269 3010 296 3041 as
312 2993 415 3042 invalid.
451 2993 501 3041 For
516 2994 628 3056 exenrple
645 2995 673 3043 of
757 2994 863 3106 Seraioq¹
886 3010 920 3042 sc.
946 2992 1048 3042 servius
1077 2990 1213 3054 Sulpicius,
1244 2991 1303 3043 vrbo

94 3057 229 3121 apolitieal
243 3058 340 3119 speech,
360 3058 484 3107 delivered
496 3058 569 3107 vvhen
586 3057 670 3107 unim·
724 3059 779 3109 died
791 3066 846 3108 ont
865 3075 878 3107 e
893 3057 1008 3120 embassy
1020 3066 1046 3105 to
1058 3056 1177 3121 Anteny:
1196 3072 1235 3120 ep.
1249 3056 1300 3106 vol.

95 3130 195 3185 portant
218 3129 320 3170 matters
338 3123 365 3171 ol
386 3122 586 3172 administration
610 3125 671 3187 (eg.
723 3125 770 3183 ivn,
784 3139 825 3187 pp.
838 3121 1017 3171 lxxvii-lxxix,

95 3187 123 3234 de
146 3190 185 3234 ria
208 3191 305 3248 Appia,
323 3189 351 3235 de
369 3189 475 3250 Mactata,
498 3191 526 3235 de
545 3189 671 3251 Lupercis)
755 3187 898 3252 enarrentur]
932 3186 974 3235 i.e.
988 3185 1015 3235 ot
1028 3185 1101 3234 lilarlr
1114 3186 1225 3250 hnteny.
1262 3185 1304 3236 He

96 3266 161 3300 were
177 3251 220 3301 the
240 3252 359 3313 proposed
375 3252 455 3316 topies
472 3253 510 3301 for
525 3253 671 3311 discussion,
726 3269 776 3303 was
803 3251 904 3301 brother
932 3250 959 3300 ot
986 3249 1064 3307 Julie,
1088 3249 1131 3300 the
1156 3250 1254 3300 mother
1276 3250 1306 3300 ol

95 3330 134 3377 ep.
151 3316 214 3364 Phil.
228 3316 271 3365 vii.
285 3315 340 3365 init.
724 3317 842 3381 Antony:
862 3332 900 3379 cp.
915 3315 980 3364 Phil.
991 3314 1045 3364 riii.
1062 3318 1082 3374 l,
1098 3317 1162 3363 Vicit
1175 3317 1205 3364 L.
1216 3318 1301 3363 Caesa-

129 3383 203 3442 rnaqis
215 3384 290 3428 arrinu'
300 3379 580 3446 qnarninqeniieiribae]
595 3388 674 3431 ‘more
725 3385 760 3430 ris
772 3382 915 3445 (sententia),
927 3383 969 3442 qai
983 3380 1047 3427 arrii
1063 3381 1191 3427 atrocitate
1207 3382 1302 3436 daneta

96 3443 131 3508 by
149 3461 242 3509 energy
260 3445 320 3494 thnu
339 3446 374 3509 by
392 3446 541 3509 argument)
580 3445 610 3494 In
630 3445 673 3496 the
723 3445 1102 3507 arationesaitqrrarresententia
1114 3446 1303 3506 tersiae-:qnam-

95 3509 230 3572 murginoi
242 3509 670 3574 llI,byafifteenthaenturyband,
724 3527 795 3571 qaam
823 3513 845 3558 ie
872 3512 973 3571 quidem,
1004 3515 1132 3570 autequam
1162 3512 1303 3557 sententiam

95 3572 117 3622 is
127 3573 226 3623 written
237 3578 288 3633 sile,
297 3577 393 3636 ebsecro,
404 3576 509 3638 perhaps
520 3592 535 3624 a
546 3575 673 3624 reflection
724 3578 819 3633 diceret,
828 3577 1036 3636 propinquitatem
1047 3575 1176 3621 eeneeaeit.

95 3652 127 3685 on
140 3637 249 3687 Cicero’s
260 3640 434 3690 boustfulness.
756 3637 828 3704 diem]
854 3638 893 3688 ie.
904 3638 947 3687 ihc
961 3637 1054 3685 Fourth
1066 3637 1116 3684 and
1127 3635 1170 3686 the
1183 3637 1301 3686 Martum.

128 3709 429 3767 rinaqaeeonteatioatqrae
444 3703 518 3770 aetio]
554 3704 618 3753 ‘und
630 3720 673 3768 my
725 3702 775 3753 For
798 3703 849 3752 this
874 3702 955 3752 whole
980 3700 1082 3760 section,
1107 3716 1147 3762 ap.
1172 3700 1237 3750 Phil.
1262 3700 1301 3749 iii.

93 3767 220 3817 exertions
232 3770 281 3818 und
292 3770 429 3833 pleading.'
725 3771 784 3822 3-7.
