3022 5444
460 425 671 492 ncccrrr.
699 426 822 510 (ran.
846 427 911 490 rr.
937 426 983 510 e).
1284 427 1327 490 49

116 837 320 906 DOOOXII.
366 836 536 902 CICERO
559 835 618 902 ΤΟ
639 834 853 901 DECIMUS
875 834 1068 903 BRUTUS
1091 837 1193 919 (Fau.
1215 859 1264 903 xr.
1289 854 1328 921 ej.

119 1049 233 1107 noara3
256 1047 439 1091 nncnunaa
454 1043 485 1092 ao
502 1023 702 1109 (nvnurnel;
718 1045 751 1088 A.
770 1044 802 1087 u.
820 1044 847 1087 c.
865 1041 932 1102 710;
955 1045 985 1088 a.
1003 1045 1030 1087 c.
1048 1045 1099 1103 443
1115 1045 1191 1089 aar.
1208 1046 1268 1091 cre.
1286 1045 1330 1092 aa.

169 1214 206 1263 hl.
219 1212 306 1264 Cicero
318 1211 351 1262 D.
365 1212 439 1262 Bruti
450 1212 599 1276 dignitatern
610 1211 659 1261 sibi
670 1226 745 1262 aurae
761 1211 813 1260 sore
825 1208 900 1274 idque
913 1209 963 1260 iam
974 1211 1002 1260 in
1013 1217 1102 1262 senatu
1115 1211 1266 1262 declaratum
1278 1227 1332 1264 esse

119 1294 216 1346 scribit.

316 1430 354 1484 M.
374 1428 506 1484 CICERO
525 1429 552 1483 S.
574 1428 608 1482 D.
628 1427 663 1481 D.
684 1427 807 1482 BRUTO
826 1428 903 1483 IllP.
924 1428 997 1483 008.
1018 1427 1138 1483 DESIG.

189 1572 217 1636 1.
241 1569 357 1655 Lupus
378 1573 488 1633 noster
510 1591 583 1632 eum
600 1566 741 1633 Romam
763 1573 854 1633 sexto
875 1568 927 1633 die
948 1567 1080 1632 Mutina
1096 1568 1245 1647 venisset,
1260 1589 1332 1653 poe·

122 1675 220 1741 tridie
235 1696 287 1738 me
301 1694 398 1737 mane
414 1672 576 1750 convenit,
587 1677 645 1736 tua
659 1670 743 1736 mihi
755 1672 910 1736 mandata
926 1670 1176 1757 diligentissime
1187 1672 1336 1757 exposuit

122 1782 156 1845 et
185 1778 311 1842 litteras
340 1775 494 1840 reddidit.
541 1773 639 1845 Quod
668 1773 750 1839 mihi
774 1779 866 1839 tuam
896 1775 1092 1858 dignitatem
1119 1775 1337 1853 commendas,

123 1883 236 1948 eodem
260 1886 405 1964 tempore
428 1878 578 1944 existimo
600 1882 633 1942 te
652 1875 735 1943 mihi
757 1899 864 1942 meam
882 1878 1078 1964 dignitatem
1100 1879 1336 1953 commendare,

124 2008 223 2073 quam
238 1981 420 2048 mehercule
435 2003 501 2046 non
517 1981 689 2047 habeatne
703 1981 874 2047 cariorem:
891 2003 956 2066 qua
970 2004 1005 2045 re
1019 1980 1102 2045 mihi
1117 1981 1338 2066 gratissimum

124 2088 233 2165 facies,
250 2087 278 2151 si
293 2086 498 2167 exploratum
512 2083 646 2149 habebis
660 2084 727 2150 tuis
743 2082 893 2149 laudibus
902 2083 994 2147 nullo
1009 2084 1078 2148 looo
1093 2106 1152 2150 neo
1166 2085 1337 2150 eonsilium

123 2215 183 2257 neo
211 2191 356 2256 studium
383 2211 492 2253 meum
518 2189 719 2253 defuturum.
766 2189 797 2253 2.
823 2186 905 2252 Oum
930 2187 1055 2252 tribuni
1079 2187 1124 2273 pl.
1150 2189 1337 2267 edixissent,

123 2301 255 2360 senatus
281 2294 408 2359 adesset
434 2315 461 2357 a.
488 2294 519 2356 d.
546 2313 624 2356 xrrr.
653 2290 731 2356 Kal.
759 2290 831 2356 Ian.
858 2290 1077 2376 haberentque
1103 2291 1136 2354 in
1164 2292 1274 2356 animo
1298 2292 1339 2358 de

123 2398 284 2486 praesidio
299 2396 468 2462 consulum
485 2395 729 2480 designatorum
747 2395 877 2474 referre,
894 2416 1092 2479 quamquam
1111 2399 1287 2459 statuerem
1302 2395 1339 2461 in

123 2507 272 2567 senatum
287 2505 363 2564 ante
379 2497 457 2564 Kal.
471 2497 544 2562 Ian.
562 2520 627 2562 non
643 2497 763 2577 venire,
776 2502 885 2563 tamen
902 2520 976 2562 cum
991 2519 1028 2563 eo
1044 2497 1096 2562 die
1111 2498 1180 2581 ipso
1196 2498 1339 2563 edictum

123 2611 218 2671 tuum
233 2603 435 2690 propositum
451 2606 543 2681 esset,
560 2602 653 2666 nefas
668 2623 735 2667 esse
756 2600 837 2667 duxi
858 2599 980 2666 autito
998 2598 1112 2665 haberi
1127 2603 1288 2677 senatum,
1300 2607 1339 2666 ut

125 2711 165 2775 de
191 2708 256 2773 tuis
282 2705 403 2770 divinis
426 2705 461 2769 in
486 2704 741 2790 rempublicam
765 2704 889 2769 meritis
912 2704 1190 2789 sileretur—quod
1213 2704 1337 2769 facturn

125 2816 217 2891 esset,
241 2810 305 2875 nisi
329 2831 389 2895 ego
417 2808 574 2872 venissem
582 2845 628 2887 -,
656 2815 724 2886 aut,
752 2807 852 2872 etiam
878 2806 1009 2891 siquid
1035 2807 1076 2871 de
1105 2810 1139 2871 te
1163 2805 1338 2874 honorifice

125 2917 294 2992 diceretur,
309 2936 362 2978 me
377 2935 442 2977 non
459 2912 579 2976 adesse.
626 2912 655 2975 3.
681 2911 798 2996 Itaque
813 2910 847 2975 in
864 2915 1012 2975 senatum
1030 2910 1103 2975 veni
1118 2932 1234 2990 mane3
1252 2912 1338 2996 quod

124 3041 197 3085 cum
222 3021 303 3082 esset
327 3016 600 3093 animadversum,
628 3013 885 3098 frequentissimi
914 3019 1077 3080 senatores
1107 3021 1337 3083 convenerunt.

125 3121 217 3193 Quae
238 3122 330 3185 dete
352 3119 388 3184 in
411 3123 527 3182 senatu
542 3117 677 3202 egerim,
701 3118 838 3202 quaein
862 3117 1011 3183 contione
1025 3117 1171 3183 maxima
1187 3119 1337 3200 dixerim,

123 3226 262 3291 aliorum
282 3229 315 3289 te
336 3223 454 3288 litteris
475 3222 560 3287 malo
583 3244 793 3306 cognoscere:
824 3222 908 3287 illud
930 3221 992 3287 tibi
1012 3224 1205 3307 persuadeas
1229 3225 1336 3306 velim,

124 3352 175 3395 me
191 3328 311 3407 omnia,
329 3349 413 3412 quae
434 3327 477 3390 ad
492 3331 584 3390 tuam
600 3326 797 3411 dignitatem
819 3326 1003 3408 augendam
1019 3325 1238 3410 pertinebunt,
1255 3350 1338 3413 quae

123 3438 172 3498 est
187 3454 245 3516 per
260 3453 293 3496 se
308 3430 518 3514 amplissima,
532 3450 658 3493 summo
673 3450 800 3514 semper
815 3428 923 3494 studio
938 3435 1160 3513 suscepturum
1177 3436 1209 3494 et
1224 3432 1336 3497 defen·

123 3556 255 3612 surum3
279 3533 366 3618 quod
382 3553 579 3616 quamquam
600 3531 755 3617 intellego
776 3554 828 3596 me
851 3554 925 3597 oum
941 3532 1053 3597 multis
1074 3555 1141 3598 esse
1161 3532 1336 3616 lactearum,

123 3644 233 3705 tamen
249 3638 401 3722 adpetam
415 3635 512 3700 huius
526 3637 573 3700 roi
588 3635 816 3720 principatum.

161 3808 182 3851 l.
204 3801 300 3864 Lupia]
334 3817 373 3863 cp.
392 3807 451 3850 note
468 3806 494 3848 to
511 3800 583 3848 Fam.
602 3799 636 3848 xi.
654 3801 704 3859 o‚1
757 3799 831 3849 think
847 3799 902 3849 that
919 3799 970 3850 this
986 3800 1009 3850 is
1025 3816 1040 3849 a
1056 3801 1188 3850 rhetorical
1205 3818 1339 3866 exaggera·

127 3868 204 3930 (809).
241 3866 282 3914 He
302 3867 419 3914 returned
439 3872 465 3913 to
488 3864 567 3914 Rome
586 3865 707 3930 probably
758 3863 824 3913 tion.
871 3864 925 3914 Tho
950 3864 1028 3914 house
1052 3874 1078 3914 to
1100 3865 1184 3915 which
1208 3867 1250 3916 the
1273 3868 1342 3918 third

126 3930 371 3993 ontheeveningol
384 3928 522 3979 December
536 3931 574 3976 18.
759 3928 888 3991 Philippic
910 3946 962 3979 was
984 3930 1115 3980 addressed
1141 3946 1193 3980 was
1219 3932 1339 3995 probably

160 3995 267 4061 litteras]
302 3995 363 4044 This
374 3994 448 4043 letter
460 3994 481 4042 is
492 3993 542 4042 lost
564 3993 664 4056 Andr).
757 4009 773 4042 a
790 3993 862 4042 small
877 4008 939 4044 one:
958 4010 996 4057 cp.
1011 4000 1069 4045 note
1084 4000 1110 4045 to
1124 3995 1196 4045 Fam.
1209 3996 1254 4046 xii.
1269 4000 1339 4059 22,3

160 4064 210 4109 tute
223 4060 333 4107 laudibus
347 4096 352 4107 .
368 4095 374 4107 .
390 4059 550 4121 ‚defuturum
595 4057 709 4107 ‘neither
761 4059 841 4121 (813).

126 4125 213 4175 advice
225 4141 271 4173 nor
282 4125 407 4173 exertions
418 4124 446 4172 oi
456 4124 546 4171 mines
589 4122 708 4172 lcrerbe
794 4123 883 4178 Quae.
904 4158 910 4172 .
930 4157 936 4170 .
955 4121 1073 4189 dixerim]
1120 4123 1179 4173 ‘the
1197 4126 1339 4176 remarksl

128 4189 241 4251 wanting
252 4195 278 4238 to
289 4188 389 4237 further
400 4204 464 4252 your
475 4185 641 4235 distinction!
759 4188 831 4236 made
841 4187 919 4237 about
930 4203 980 4252 yon
992 4188 1018 4236 in
1031 4188 1075 4238 the
1090 4196 1183 4249 senate,
1197 4189 1239 4240 the
1251 4191 1342 4254 speech

161 4256 184 4302 2.
203 4252 318 4318 edictruu]
347 4252 391 4301 i.e.
404 4253 587 4312 reprouiucium
601 4252 708 4301 Galliam
760 4251 858 4301 Imade
874 4252 952 4302 about
966 4268 1018 4317 you
1034 4251 1063 4302 in
1077 4253 1121 4302 the
1138 4255 1253 4305 crowded
1264 4264 1340 4306 meet·

128 4325 277 4366 retenturum
299 4321 325 4365 iu
346 4323 443 4365 seruatur
459 4318 591 4377 populique
605 4318 709 4365 Romani
760 4316 824 4381 ing,'
839 4316 882 4367 ie.
897 4316 964 4366 Phil.
976 4318 1014 4366 iii.
1028 4319 1077 4367 and
1089 4317 1123 4366 iv.

125 4390 244 4444 potestate
257 4382 333 4441 (Phil.
351 4382 388 4430 iii.
403 4384 437 4446 8).
793 4389 958 4443 suscepturum
969 4388 992 4430 et
1002 4382 1168 4448 destructrum]
1188 4384 1342 4435 ‘undertuke

163 4450 186 4496 3.
198 4445 406 4511 frequentissimi]
452 4443 712 4495 wearoinelinedto
761 4446 922 4511 tosuppom‘
935 4445 1083 4513 hendiadys.

190 4542 251 4577 von.
270 4540 306 4581 rr.
1192 4528 1214 4578 E
