3022 5444
461 416 716 486 noooxcyr.
743 419 866 502 (aaa.
891 419 1029 502 1111).
1285 419 1352 488 aaa

139 611 210 674 ret:
248 605 336 672 ‘Abi
361 629 460 683 nuno,
488 605 647 691 populum
673 604 772 669 tidem
801 604 966 691 implora.'
1013 605 1133 672 Bestiis
1159 629 1236 673 vero
1266 607 1353 674 cives

140 709 316 788 Romanos,
342 709 378 774 in
403 710 444 773 iis
466 708 689 774 circulatorem
714 709 888 793 quemdam
915 709 1114 788 auctionum,
1143 710 1350 777 notissimum

139 813 304 881 hominem
320 812 464 897 Hispali,
480 812 557 897 quia
572 811 728 876 deformis
743 815 822 890 erat,
839 811 966 877 obiecit.
1012 811 1095 878 (lum
1108 813 1241 878 huiusce
1256 813 1346 881 modi

140 921 291 1003 portento
306 939 356 981 ros
371 915 453 980 milri
469 915 544 979 luit.
591 912 655 978 Sed
671 915 711 979 de
733 914 791 979 illo
807 915 902 997 plura
917 936 1035 979 coram.
1080 916 1112 980 4.
1136 915 1246 995 Nunc,
1263 917 1351 1002 quod

141 1024 294 1106 praestat,
311 1018 390 1104 quid
405 1039 457 1082 mo
471 1017 579 1083 velitis
601 1019 707 1083 tacere
730 1018 927 1083 constituite.
973 1017 1054 1084 Tres
1071 1018 1217 1103 legiones
1241 1019 1352 1085 firmas

142 1121 257 1199 habeo,
280 1142 417 1206 quarum
440 1143 550 1199 unam,
575 1119 913 1201 duodetricensimam,
937 1143 1010 1186 cum
1033 1122 1074 1185 ad
1097 1143 1131 1187 se
1152 1122 1248 1187 initio
1272 1122 1352 1189 belli

142 1224 324 1290 arcessisset
343 1222 510 1288 Antonius
529 1222 590 1287 hac
612 1222 858 1307 pollicitatione,
875 1245 938 1309 quo
960 1224 1014 1289 die
1029 1224 1064 1288 in
1080 1229 1185 1290 castra
1200 1225 1355 1306 venisset,

141 1327 292 1395 denarios
319 1329 501 1412 quingenos
526 1326 666 1411 singulis
688 1325 850 1391 militibus
872 1328 1037 1408 daturum,
1061 1326 1096 1392 in
1121 1327 1257 1393 victoria
1278 1351 1356 1395 vero

141 1433 255 1498 eadam
277 1431 431 1518 praemia,
448 1452 530 1516 quae
553 1431 620 1495 suis
641 1429 1009 1516 legionibus-quorum
1032 1430 1105 1515 quis
1126 1431 1231 1497 ullam
1253 1431 1351 1497 finem

141 1540 198 1602 aut
228 1535 362 1600 modum
391 1534 541 1600 futurum
574 1533 788 1618 putabiti-
802 1533 1065 1599 incitatissimam
1098 1535 1230 1614 retinui,
1257 1557 1356 1621 aegre

142 1638 357 1704 mehercules:
382 1660 441 1702 neo
460 1636 678 1715 retinuissem,
699 1635 809 1701 siuno
835 1636 904 1702 loco
929 1636 1124 1717 habuissem,
1143 1641 1257 1724 utpote
1280 1661 1355 1705 oum

141 1741 290 1826 singulae
305 1741 465 1825 quaedam
480 1740 626 1805 cohortes
644 1739 836 1805 seditionem
853 1740 1001 1806 iecerint.
1046 1740 1205 1827 Reliquas
1226 1764 1357 1827 quoquo

141 1845 287 1930 legiones
307 1867 372 1908 non
395 1843 521 1909 destitit
542 1842 661 1908 litteris
683 1847 781 1929 atque
802 1843 943 1909 infinitis
964 1844 1256 1930 pollicitationibus
1272 1847 1352 1912 inci·

141 1952 220 2014 tare.
267 1946 339 2012 Neo
354 1968 428 2012 vero
442 1947 553 2011 minus
568 1945 714 2031 Lepidus
729 1946 812 2012 ursit
827 1968 878 2011 me
894 1950 926 2012 et
941 1946 1008 2011 suis
1023 1952 1056 2012 ot
1066 1946 1206 2013 Antonii
1221 1949 1353 2026 litteris,

142 2055 180 2116 ut
206 2051 368 2135 legionem
393 2048 613 2114 tricensimam
639 2048 803 2115 mitterem
824 2048 896 2114 sibi.
942 2050 973 2113 5.
997 2047 1115 2134 Itaque
1139 2073 1236 2135 quem
1263 2075 1354 2118 oxer·

143 2154 243 2218 citum
259 2174 363 2237 neque
384 2152 523 2218 vendere
546 2153 623 2218 ullis
642 2152 795 2238 praemiis
816 2151 905 2216 volui
928 2173 987 2216 neo
1009 2173 1121 2217 eorum
1135 2154 1352 2239 periculorum

142 2261 243 2335 motu,
275 2277 357 2340 quae
387 2254 562 2320 victoribus
590 2254 658 2320 illis
687 2253 974 2339 portendebantur,
1001 2254 1199 2333 deminuere,
1224 2255 1349 2321 debetis

143 2356 328 2425 existimare
353 2361 518 2423 retentum
540 2361 573 2422 et
595 2361 819 2424 conservatam
844 2357 891 2422 rei
913 2356 1062 2442 publicae
1084 2363 1280 2444 cessatque
1302 2360 1351 2424 ita

143 2463 282 2539 credero,
292 2462 516 2546 quodcumque
531 2460 756 2547 imperassetis,
768 2460 932 2525 iacturum
946 2459 1056 2539 fuisse,
1066 2461 1093 2525 si
1109 2462 1196 2546 quod
1211 2461 1352 2528 iussistis

144 2565 216 2631 feci.
262 2564 351 2630 Nam
374 2568 408 2629 et
422 2563 622 2648 provinciam
639 2563 674 2628 in
696 2563 762 2629 otio
784 2567 817 2629 ot
839 2561 1018 2628 exercitum
1039 2561 1075 2626 in
1099 2585 1171 2628 mea
1192 2569 1354 2650 potestate

144 2754 201 2804 that
217 2753 260 2802 tho
276 2752 354 2801 words
372 2766 413 2800 aro
432 2750 555 2814 required.
590 2750 725 2800 Alioman
775 2749 893 2814 2(7oo);
912 2752 969 2810 914,
984 2751 1015 2810 8;
1035 2749 1159 2800 Publilius
1176 2750 1254 2816 Syrus
1267 2752 1353 2817 (Ribb.

144 2819 236 2868 citizen
256 2817 329 2866 could
345 2821 390 2866 not
408 2815 439 2865 bs
461 2814 554 2890 legally
572 2816 724 2864 condemned
775 2816 826 2879 84),
839 2817 886 2864 Bis
896 2816 972 2863 vincit
983 2818 1026 2877 qut
1036 2831 1060 2863 rc
1070 2817 1145 2864 11111111
1156 2818 1183 2865 s'n
1194 2819 1306 2869 victoria.

144 2881 264 2942 todeath,
279 2885 367 2944 except
384 2879 472 2944 bytho
488 2880 622 2944 yudgment
638 2880 667 2929 of
679 2879 723 2929 tho
798 2878 1016 2993 ttypicituttus'orom]
1052 2878 1165 2943 ‘though
1187 2881 1284 2946 greatly
1308 2898 1355 2934 οι.

208 2948 241 2996 le.
773 2943 797 2994 ci
842 2943 860 2992 .’

144 2962 342 3059 ministratorem
353 3009 477 3071 querndam
487 3006 640 3083 auctionum]
673 3010 722 3057 ‘an
806 3010 886 3056 1111111
898 3009 945 3057 loco
956 3007 1103 3074 habuissem]
1126 3024 1166 3071 cp.
1180 3011 1236 3071 ⁸95,
1253 3014 1275 3070 l,
1288 3013 1354 3062 ‘and

145 3075 265 3126 itinerant
274 3075 367 3138 pedlar,
379 3073 436 3122 who
447 3073 564 3122 attended
574 3078 696 3132 suchans,
707 3087 724 3122 a
775 3071 789 3122 I
801 3071 889 3122 should
902 3078 947 3122 not
957 3073 1021 3122 have
1032 3072 1095 3122 boen
1107 3072 1162 3123 able
1176 3079 1204 3123 to
1214 3074 1274 3124 hold
1284 3075 1353 3127 thern

146 3140 307 3190 well-known
315 3139 441 3188 character
451 3143 477 3186 at
489 3136 608 3186 Sorille’:
621 3152 661 3200 cp.
672 3138 722 3186 cir·
774 3137 802 3186 in
825 3136 910 3194 abach,
940 3136 963 3185 if
987 3137 1001 3187 I
1024 3136 1074 3186 had
1095 3136 1145 3187 bad
1169 3138 1239 3188 thom
1267 3140 1355 3190 united

146 3204 310 3266 camsoraneur
315 3203 500 3264 pharmacopola
511 3200 539 3250 in
551 3201 651 3251 cluent.
664 3204 706 3250 lo.
774 3201 888 3264 together
905 3200 933 3250 in
951 3217 997 3251 ono
1017 3201 1095 3264 place,
1113 3204 1198 3266 seeing
1216 3203 1272 3254 that
1287 3220 1357 3256 aomo

178 3275 203 3318 4.
222 3270 294 3317 Nunc
320 3269 383 3330 quod
404 3264 528 3331 praestat]
576 3265 656 3315 ‘Now
683 3265 725 3314 ior
774 3264 916 3315 individual
926 3265 1025 3315 cohorts
1036 3266 1136 3317 became
1149 3267 1296 3319 molinons!

146 3333 288 3397 something
309 3348 376 3382 moro
392 3329 547 3393 important!
582 3328 611 3379 C.
632 3330 662 3379 F.
680 3328 722 3379 W.
807 3332 946 3378 seditionem
952 3329 1071 3396 fecerint]
1094 3347 1134 3394 cp.
1149 3333 1231 3381 Plaut.
1243 3333 1321 3384 Marc.
1333 3333 1353 3385 i.

147 3398 241 3447 Miiller
250 3400 321 3448 reads
332 3397 394 3459 qood
404 3402 487 3453 restat,
500 3394 607 3458 perhaps
617 3393 722 3458 rightly.
778 3398 801 3453 l,
816 3397 855 3453 14,
868 3396 945 3457 Perti,
958 3397 1096 3443 seditionem
1102 3397 1169 3459 jacit
1186 3398 1243 3457 lien,
1257 3405 1355 3460 occupat

178 3460 364 3526 pollicitatione]
387 3459 454 3509 That
466 3459 550 3509 Cicero
561 3459 665 3508 avoided
673 3458 724 3508 this
770 3461 924 3520 ,ra-aecerdr'a.
955 3459 1041 3509 Cicero
1052 3461 1136 3510 would
1146 3477 1191 3510 use
1202 3460 1245 3510 the
1273 3462 1358 3513 assisa

147 3528 215 3577 word
232 3526 345 3576 schmalz
366 3528 400 3587 (p.
415 3525 455 3587 35)
473 3524 551 3574 infers
567 3523 633 3573 from
651 3524 721 3572 Fam.
774 3526 888 3572 ecditiam
889 3524 1207 3587 sacta,butnotthosotive
1216 3526 1258 3589 (Sc
1304 3527 1353 3588 alr,
1380 3552 1382 3555 v

146 3591 182 3641 iv.
199 3594 236 3647 13,
252 3595 262 3639 l
277 3594 355 3653 (483),
368 3591 395 3636 td
405 3605 494 3651 quoquc
505 3590 626 3652 deficiebat
638 3604 682 3645 ms,
697 3590 724 3636 tn
774 3604 799 3651 p.
814 3587 865 3650 47).

147 3672 192 3721 quo
210 3655 304 3704 debota
322 3669 370 3702 esso
389 3660 433 3701 out
451 3655 616 3713 precatorio
633 3653 724 3700 ausilii
808 3652 922 3718 incitare]
959 3656 1001 3702 ‘to
1022 3652 1091 3701 work
1111 3669 1179 3716 upon
1196 3654 1285 3716 thom,’
1311 3659 1358 3709 ‘to

147 3722 305 3768 alicuiusaut
321 3719 447 3766 consolatio
461 3720 549 3767 doloris
564 3719 609 3767 tui.
647 3717 726 3773 Quod
775 3716 900 3767 stirthom
913 3715 965 3780 up?

146 3787 308 3846 pollicerer
324 3799 369 3831 non
381 3791 443 3830 erac.
807 3780 884 3856 ursit]
918 3779 1117 3830 Forthisiorm
1134 3780 1163 3830 of
1179 3780 1222 3830 tho
1233 3782 1298 3845 perf.
1311 3799 1353 3847 cp.

179 3850 290 3898 marios
301 3846 448 3959 quingenos}
476 3846 553 3896 about
564 3846 625 3897 all.
777 3845 808 3903 Q.
822 3845 864 3898 Fr.
877 3845 914 3894 rii.
928 3848 952 3906 9,
970 3848 980 3892 1
996 3845 1065 3909 (160)
1077 3860 1083 3903 ;
1101 3844 1177 3894 Lucr.
1190 3845 1217 3894 ii.
1233 3847 1289 3899 197.

180 3912 306 3978 daturam]
348 3911 398 3960 For
418 3917 462 3960 te
489 3909 606 3960 omission
627 3908 655 3959 oi
681 3908 724 3958 the
808 3908 1106 3985 kyionomascaoonam]
1141 3926 1180 3972 cp.
1194 3913 1251 3971 824,
1266 3915 1289 3961 5.

148 3979 248 4042 subject
265 3993 305 4039 cp.
328 3973 340 4036 l
362 3975 490 4034 obelow3
510 3974 581 4023 Fam.
599 3974 652 4023 xvi.
670 3975 721 4034 5,1
808 3978 831 4023 5.
850 3980 992 4022 retentum.
1014 4009 1021 4021 .
1042 4009 1048 4022 .
1067 3974 1153 4039 respa]
1189 3975 1359 4029 ‘maintained

148 4045 226 4107 (289),
240 4046 262 4091 ts
274 4043 353 4089 omnia
360 4042 486 4101 pollicitus
496 4045 531 4087 sat
542 4054 602 4101 quas
610 4039 655 4087 titt
666 4054 725 4098 opus
776 4038 830 4087 sate
840 4037 881 4087 for
892 4039 935 4087 the
947 4037 1028 4087 stato!

148 4115 241 4156 carent:
252 4107 380 4167 sactssrum
396 4112 463 4166 puto,
482 4119 521 4166 cp.
540 4120 564 4154 v.
581 4106 603 4164 l,
623 4107 634 4153 l
655 4103 724 4166 (14);
809 4109 880 4164 atqrcc
898 4138 905 4150 .
924 4138 930 4151 .
951 4139 957 4151 .
970 4101 1035 4167 sect]
1072 4104 1137 4153 ‘and
1153 4119 1209 4217 you
1232 4106 1312 4169 ought
1330 4111 1358 4158 to

148 4172 240 4230 viiia,
256 4174 267 4219 1
282 4171 361 4233 (197).
778 4166 872 4216 believe
884 4165 1067 4216 thatlshould
1077 4167 1142 4218 haro
1170 4185 1217 4218 oue
1230 4170 1360 4222 whatever

182 4241 208 4285 s'n
219 4234 334 4300 victoria]
354 4234 444 4282 ‘when
453 4233 496 4282 the
507 4232 605 4296 victory
612 4231 634 4280 is
644 4231 723 4281 wou':
776 4246 828 4295 you
839 4230 1007 4292 commanded,
1016 4230 1102 4296 seoing
1117 4232 1174 4282 that
1193 4234 1203 4282 l
1223 4235 1358 4288 hovedeno

149 4318 188 4365 cp.
207 4301 278 4349 Fam.
291 4299 326 4348 iv.
341 4302 365 4357 9,
381 4302 396 4347 2
413 4298 491 4362 (487),
512 4299 633 4346 Caesarem
649 4299 727 4358 mays's
776 4295 845 4344 what
864 4311 914 4359 you
933 4295 998 4345 haro
1020 4296 1142 4347 ordered!
1176 4297 1227 4347 For
1247 4303 1269 4347 εἰ
1292 4300 1357 4351 Gro-

150 4381 292 4415 ccmmuaem
311 4379 427 4411 censemus
446 4365 472 4410 s'n
490 4364 592 4410 victoria
608 4360 727 4421 satarum
777 4360 867 4409 novius
878 4361 949 4409 reads
960 4363 1031 4420 siout,
1045 4360 1129 4411 which
1141 4362 1246 4428 slightly
1259 4363 1359 4429 simpli·

143 4434 225 4493 ,scrisse
232 4445 305 4493 quarn
313 4428 443 4478 ancnoris
454 4425 724 4487 retussur'srettxiAE&
777 4426 822 4475 fios
833 4425 876 4475 the
886 4430 1011 4488 sentence,
1026 4425 1072 4476 but
1083 4424 1105 4475 is
1118 4433 1161 4476 not
1172 4443 1313 4494 necessary.
