3022 5444
414 406 630 474 DOOOLXI
635 409 670 476 V.
686 409 849 492 s(llltUT.
873 409 905 473 I.
929 409 1000 493 16).
1247 406 1311 472 155

99 591 185 658 telae
205 590 324 676 scripta
346 593 389 657 ad
412 592 586 663 Octavium
605 596 645 659 de
669 593 762 660 nobis
784 595 912 675 affecit3
936 595 982 661 sie
1004 594 1093 659 enim
1112 593 1164 659 illi
1187 592 1313 679 gratias

98 695 171 782 agis
197 696 238 762 de
261 697 461 782 republica,
487 703 556 763 tam
583 698 772 784 suppliciter
798 721 835 764 ae
862 699 1124 784 demisse-quid
1147 696 1313 764 seribam?

99 800 201 897 pudet
227 799 423 865 condicionis
449 823 485 866 ae
511 801 673 882 fortunae,
693 803 749 867 sed
772 807 882 868 tamen
907 802 1114 869 scribendum
1134 805 1313 867 est-eom-

100 903 233 967 mendas
248 907 393 969 nostram
408 905 548 970 salutem
560 905 648 970 illi-
656 927 738 990 quae
752 911 856 971 morte
867 928 932 991 qua
947 927 1012 971 non
1023 904 1232 991 perniciosior
1242 904 1313 982 ?—,

101 1011 139 1070 nt
154 1027 284 1090 prorsus
299 1029 375 1092 prae
392 1013 424 1074 te
439 1008 526 1074 feras
540 1031 606 1074 non
618 1009 780 1075 sublatam
793 1009 1059 1088 dominationem,
1072 1009 1128 1074 sed
1143 1006 1314 1073 dominum

100 1113 338 1174 commutatum
349 1132 427 1176 esse.
459 1110 571 1180 Verba
584 1118 643 1177 tua
657 1134 847 1198 recognosce
862 1118 895 1178 et
911 1114 994 1178 aude
1009 1134 1130 1198 negare
1144 1109 1315 1176 servientis

100 1212 255 1276 adversus
279 1235 391 1300 regem
417 1215 497 1280 istas
519 1238 586 1281 esse
608 1237 726 1301 praees.
783 1214 900 1280 Unum
924 1216 973 1280 ais
996 1237 1074 1294 esse,
1099 1214 1186 1300 quod
1211 1211 1253 1278 ab
1277 1234 1315 1278 eo

101 1314 284 1400 postuletur
305 1323 337 1382 et
357 1324 571 1404 exspectetur,
592 1323 631 1384 nt
649 1341 703 1384 eos
718 1319 812 1398 aives,
829 1319 869 1383 de
890 1318 1008 1404 quibus
1031 1317 1093 1384 viri
1113 1316 1190 1382 boni
1210 1337 1314 1402 popu·

101 1417 218 1502 lusque
234 1417 404 1486 Romanus
418 1420 501 1488 bene
522 1421 696 1502 existimet,
719 1423 824 1487 salvos
839 1421 940 1487 velit:
964 1421 1071 1507 quid?
1095 1420 1123 1484 si
1137 1419 1232 1498 nolit,
1248 1439 1317 1484 non

101 1521 251 1586 erimus?
274 1523 366 1608 atqui
392 1546 460 1591 non
486 1547 673 1611 essequam
697 1547 765 1591 esse
786 1547 845 1610 per
870 1525 967 1590 illum
986 1527 1139 1610 praestat.
1185 1522 1216 1586 2.
1240 1520 1316 1607 Ego

102 1624 230 1690 medius
250 1627 347 1693 fidius
368 1649 435 1695 non
458 1629 608 1695 existimo
626 1632 696 1695 tam
718 1651 831 1695 omnes
850 1628 927 1694 deos
947 1649 1073 1693 aversos
1093 1648 1160 1691 esse
1175 1646 1196 1689 a
1210 1625 1316 1690 salute

103 1728 218 1813 populi
248 1728 403 1813 Romani,
430 1736 468 1798 nt
493 1731 647 1798 Octavius
673 1733 816 1799 orandus
839 1732 882 1798 sit
908 1753 967 1818 pro
990 1730 1094 1796 salute
1121 1730 1315 1814 cuiusquam

103 1831 193 1910 aivis,
225 1855 291 1899 non
321 1835 428 1902 dicam
458 1858 516 1922 pro
546 1835 775 1903 liberatoribus
798 1835 885 1902 orbis
908 1835 1205 1902 terrarum-iuvat
1227 1831 1317 1898 enim

103 1936 277 2021 magnifiee
292 1938 383 2024 loqui
399 1944 527 2006 atcerte
542 1941 634 2006 decet
646 1941 798 2006 adversus
809 1942 1007 2026 ignorantes,
1020 1939 1099 2024 quid
1115 1960 1173 2023 pro
1188 1957 1317 2022 quoque

104 2037 290 2105 timendum
311 2046 369 2107 aut
391 2063 411 2107 a
434 2064 562 2129 quoque
581 2044 760 2129 petendum
778 2043 874 2109 sit-.
919 2041 1063 2122 Hoetu,
1088 2041 1209 2120 Cicero,
1225 2060 1318 2124 posse

105 2140 220 2207 fateris
244 2143 418 2211 Octavium
443 2145 548 2212 atilli
568 2147 690 2212 amicus
708 2148 770 2213 es?
792 2150 860 2225 aut,
887 2147 915 2210 si
933 2168 987 2210 me
1009 2166 1120 2210 aarum
1134 2142 1244 2222 habes,
1267 2142 1319 2208 vis

105 2241 231 2312 Romae
250 2270 297 2312 me
317 2248 432 2329 videri,
452 2271 537 2329 oum,
554 2255 591 2314 ut
613 2248 661 2315 ibi
683 2271 750 2315 esse
770 2271 907 2335 possem,
925 2247 1202 2314 commendandus
1216 2267 1317 2331 puero

104 2347 156 2414 illi
183 2351 330 2419 fuerim?
352 2354 405 2419 eui
428 2353 509 2439 quid
528 2353 599 2439 agis
619 2353 754 2439 gratias,
770 2355 807 2433 si,
832 2359 868 2418 ut
892 2374 951 2418 nos
971 2352 1077 2418 salvos
1094 2373 1161 2416 esse
1181 2349 1263 2416 velit
1284 2357 1319 2415 et

106 2452 261 2537 patiatur,
284 2458 468 2543 rogandum
490 2458 613 2543 putas?
637 2479 680 2522 an
708 2457 769 2523 hoe
792 2480 851 2542 pro
873 2455 1029 2522 beneficio
1052 2454 1240 2520 habendum
1255 2458 1316 2530 est,

106 2559 195 2641 quod
210 2581 244 2625 se
259 2582 357 2645 quam
373 2560 560 2627 Antonium
574 2583 642 2627 esse
657 2561 819 2640 maluerit,
836 2582 935 2646 aquo
951 2561 1013 2625 ista
1028 2559 1169 2645 petenda
1183 2557 1318 2623 essent?

106 2659 239 2728 Vindici
255 2664 387 2749 quidem
399 2664 524 2731 alienae
540 2664 784 2744 dominationis,
797 2686 863 2729 non
879 2665 1009 2742 vicario,
1021 2661 1131 2747 eequis
1145 2659 1318 2747 supplicat,

135 2883 224 2949 pudet]
258 2900 415 2948 aa.me:op.
430 2888 488 2948 att,
502 2889 526 2947 2,
540 2889 564 2935 6.
739 2886 807 2948 aot).
1026 2948 1031 2959 ’

106 2956 291 3063 mtftttt'h
305 2949 688 3078 tltttttttttttlt
738 2944 1159 3074 nttttwtthtttttt
1172 2943 1321 3073 ithlhllg

106 3085 190 3126 ritorto.
737 3079 833 3128 instead
851 3078 880 3127 of
894 3078 938 3127 the
951 3076 1034 3126 dative
1050 3075 1073 3125 is
1090 3074 1182 3139 chiefly
1197 3074 1276 3124 found
1292 3073 1320 3123 in

140 3144 181 3191 aed
207 3144 327 3191 mentitum
354 3151 523 3192 commutatam
550 3142 609 3209 eeu]
646 3159 686 3206 cp.
738 3145 781 3194 the
799 3141 1014 3206 postcieeronian
1032 3156 1080 3204 age
1099 3140 1166 3204 (Lis.
1184 3139 1212 3188 ii.
1231 3142 1270 3200 24,
1289 3142 1319 3198 4;

107 3206 175 3256 Plut.
189 3205 261 3256 Brut.
275 3211 322 3269 223
342 3208 394 3258 Cic.
408 3211 448 3257 45.
739 3209 805 3258 Plin.
819 3207 883 3270 Epp.
896 3206 934 3255 iii.
950 3208 987 3267 17,
1003 3209 1026 3265 3,
1045 3206 1094 3255 and
1107 3203 1221 3268 Mayor's
1240 3207 1319 3266 note).

140 3271 298 3338 exspreetetar]
349 3273 404 3323 The
434 3273 545 3322 Drasdea
578 3287 612 3322 ras
642 3272 688 3321 hes
739 3273 825 3322 Cicero
836 3271 942 3320 usesthe
950 3271 1041 3332 dauwe,
1055 3286 1084 3320 or
1094 3272 1122 3318 de
1130 3269 1192 3319 with
1203 3267 1321 3318 ablativa.

107 3344 238 3397 expetatur,
260 3338 363 3400 prababl
404 3354 420 3387 a
441 3354 507 3388 mere
525 3338 582 3401 slip,
603 3336 688 3386 which
740 3337 850 3401 Gelbery
861 3351 977 3398 proposes
991 3341 1018 3384 to
1031 3336 1090 3384 read
1101 3336 1161 3397 quid
1166 3350 1215 3395 pro
1231 3346 1322 3395 quoque

107 3401 165 3450 deas
183 3406 227 3451 not
244 3402 336 3467 justisy
385 3418 399 3453 a
416 3402 546 3453 alteration
568 3408 595 3451 to
616 3417 686 3464 eape-
741 3404 770 3464 (=
780 3409 806 3451 et
822 3416 866 3464 pro
880 3402 939 3465 quo)
955 3401 1083 3449 timendum
1099 3406 1143 3448 aut
1154 3415 1170 3448 a
1181 3405 1320 3461 quopeten·

108 3471 183 3514 tatur.
773 3484 786 3512 a
819 3469 848 3512 it.

141 3529 214 3595 ttulit]
240 3531 394 3595 Wesenberg
402 3532 549 3581 rcadsnolet.
574 3528 688 3581 Schmidt
738 3469 924 3643 ‘ludebam-tp
942 3527 992 3578 We
1007 3527 1072 3577 have
1086 3527 1195 3577 inserted
1210 3542 1246 3575 me
1257 3525 1322 3576 with

107 3595 172 3644 finds
180 3598 259 3644 noluit
269 3595 297 3644 in
305 3597 347 3645 the
360 3596 471 3646 Drasdea
481 3611 524 3645 aas.
549 3595 603 3645 'l'he
614 3595 689 3644 latter
740 3595 827 3654 Cobet,
841 3593 905 3643 whie
935 3593 1017 3656 might
1027 3593 1103 3656 easily
1113 3591 1177 3640 have
1187 3591 1266 3640 fallen
1275 3595 1321 3640 out

107 3676 165 3723 may
177 3660 207 3709 be
224 3660 306 3723 right:
326 3677 365 3723 cp.
379 3660 419 3710 for
429 3659 689 3710 similareonsacution
739 3659 804 3709 after
821 3661 909 3708 Romae
926 3659 955 3716 (ε
967 3658 1065 3720 Ευηιο),
1085 3657 1131 3705 but
1143 3671 1181 3704 we
1196 3656 1259 3704 need
1276 3659 1322 3704 not

107 3725 134 3773 of
151 3735 240 3786 tenses,
264 3725 334 3774 Fam.
357 3726 401 3775 vii.
421 3729 460 3786 14,
484 3730 495 3775 1
517 3727 600 3791 (172);
619 3723 687 3773 Phil.
739 3724 803 3774 alter
819 3726 933 3772 siderite
949 3725 1043 3770 cidere:
1064 3737 1103 3783 cp.
1116 3719 1195 3768 Vane
1209 3718 1241 3768 R.
1255 3717 1287 3767 R.
1301 3718 1320 3766 i.
1373 3768 1377 3775 ,

106 3789 142 3839 ix.
154 3793 178 3838 2.
740 3793 764 3846 2,
778 3794 802 3849 4,
822 3789 864 3836 aot
883 3789 920 3835 eal
938 3803 978 3834 aaa
997 3786 1114 3834 trientibus
1134 3786 1256 3833 cardinale
1273 3797 1320 3830 aon

141 3859 165 3903 2.
184 3853 315 3920 aversata]
351 3853 513 3904 ‘hostileto’
739 3851 1003 3914 emaurvisseeu’).

141 3936 186 3967 aaa
201 3919 291 3984 dicam]
326 3918 388 3969 This
407 3918 496 3983 phrase
512 3919 534 3968 is
550 3917 689 3981 perhapsa
778 3919 924 3965 Vindici..
945 3912 1104 3979 .ntpplteat]
1139 3911 1320 3975 ‘Isthereany

107 3983 522 4047 shadestrongerthannedieam:
540 4000 578 4045 cp.
591 3982 690 4031 fornae
739 3998 827 4046 person
850 3979 907 4029 who
933 3980 1060 4028 addresses
1105 3993 1189 4042 rayers
1214 3976 1256 4025 lor
1277 3975 1322 4026 the

107 4050 193 4110 dicam,
214 4048 270 4096 Mil.
294 4053 332 4109 34,
352 4050 413 4110 qaid
430 4055 484 4095 erat
502 4064 545 4096 cur
561 4049 625 4097 Mile
641 4063 689 4096 nan
739 4049 820 4109 sascty
832 4045 860 4095 of
870 4045 1024 4093 benefactore
1035 4042 1063 4092 of
1073 3994 1140 4093 their
1151 4046 1257 4106 country
1268 4046 1322 4090 toa

107 4117 184 4162 dicam
196 4116 332 4162 adotritteret
344 4115 496 4174 redemerat.
739 4127 796 4161 man
819 4110 875 4160 who
894 4108 939 4157 has
955 4114 1003 4170 put
1017 4109 1092 4157 down
1109 4107 1153 4157 the
1167 4114 1278 4172 tyranny
1295 4103 1323 4154 ot

140 4177 222 4242 iaceat]
257 4178 342 4226 Cicero
361 4177 456 4241 always
477 4192 533 4226 uses
552 4175 604 4226 this
620 4176 689 4226 word
739 4175 862 4226 another?
895 4175 945 4222 Are
961 4172 1023 4237 they
1034 4177 1079 4223 not
1090 4173 1174 4222 rather
1189 4169 1323 4222 addressed

107 4243 222 4292 withan
242 4243 382 4292 acsiisative
405 4259 432 4292 as
450 4241 509 4291 well
531 4257 559 4291 as
582 4241 626 4290 tha
648 4239 688 4290 in·
740 4248 766 4291 to
777 4255 823 4290 one
835 4239 892 4289 who
903 4245 970 4301 steps
981 4237 1034 4287 into
1042 4237 1097 4287 that
1109 4237 1249 4301 tyranny’t
1271 4235 1322 4284 For

107 4308 214 4357 finitive.
265 4307 331 4371 Livy
361 4307 439 4368 (Prot.
471 4308 482 4371 t
513 4307 537 4369 ³)
567 4306 617 4355 and
646 4305 690 4355 the
739 4307 831 4354 vindici
853 4319 892 4367 ep.
919 4303 944 4368 §t
969 4305 995 4363 4,
1019 4306 1051 4360 6;
1071 4304 1127 4361 865,
1153 4306 1177 4351 2.
1211 4299 1322 4362 Perhaps

108 4378 239 4435 augustan
253 4379 322 4435 poete
340 4372 424 4436 (Verg.
439 4371 470 4420 G.
484 4371 502 4420 i.
519 4370 579 4434 413)
593 4370 690 4420 usathe
740 4368 866 4418 Brutusis
883 4368 988 4433 quoting
999 4367 1080 4417 words
1100 4366 1128 4416 of
1144 4365 1253 4417 Cicero's
1264 4379 1322 4415 own

107 4437 196 4502 simple
212 4436 338 4487 infinitiva
355 4453 382 4487 as
399 4438 457 4487 here
470 4440 519 4500 (cp.
538 4434 642 4500 Drager,
661 4434 689 4484 ii.
741 4435 861 4498 (vindicis
878 4432 1005 4497 amariae).
