3044 5002
252 350 320 416 290
451 348 834 419 Peenno-oweno
859 351 917 417 TO
940 349 1059 417 OOTA
1069 351 1261 419 VIANUS.

250 536 356 605 dabat
369 538 551 625 provinoias
565 537 674 604 Cassio
689 544 722 605 et
737 537 851 604 Brutis
865 543 897 604 et
912 538 978 604 illis
993 537 1179 605 custodibus
1194 538 1334 604 nominis
1343 538 1461 617 nostri,

254 641 422 729 regnabat,
437 643 517 728 quid
532 642 638 723 faeiat,
654 642 712 729 qui
733 643 834 708 vitam
855 642 996 708 adimit?
1020 642 1056 723 si,
1074 642 1129 728 qui
1148 665 1188 708 ex
1203 642 1282 708 urbe
1297 641 1460 722 eiioiebat,

255 753 414 832 tyrannus
428 752 508 826 erat,
523 769 620 832 quem
631 744 718 813 huno
733 746 942 833 appellemus,
959 747 1015 833 qui
1029 769 1071 812 ne
1085 746 1193 812 looum
1211 747 1342 832 quidem
1357 746 1460 811 relin-

249 850 327 935 quit
342 849 483 916 exsilio?
527 850 558 916 9.
575 849 704 937 Itaque,
719 851 747 916 si
763 850 842 937 quid
857 851 933 917 illae
945 852 1105 917 muiorum
1117 856 1301 916 nostrorum
1312 851 1460 936 sepultae

252 952 408 1039 reliquiae
424 953 564 1039 sapiunt,
580 954 689 1020 sinon
709 977 777 1020 una
792 976 864 1020 oum
887 977 1018 1040 eorpore
1034 977 1144 1020 sensus
1160 955 1264 1019 omnis
1279 976 1344 1019 uno
1360 956 1460 1040 atque

256 1058 369 1123 eodem
383 1061 593 1144 oonsumptus
610 1063 659 1124 est
678 1057 760 1145 igni,
782 1058 862 1145 quid
883 1057 949 1123 illis
970 1057 1258 1144 interrogantibus,
1280 1058 1360 1144 quid
1379 1062 1460 1144 egat

249 1181 341 1226 nuno
362 1161 503 1247 populus
524 1159 703 1242 Romanus,
726 1161 933 1248 respondebit
953 1162 1073 1247 aliquis
1095 1166 1254 1242 nostrum,
1271 1162 1328 1248 qui
1345 1162 1458 1247 proxi·

249 1285 326 1332 mus
340 1264 375 1331 in
390 1265 482 1331 illam
496 1269 661 1331 aeternam
676 1266 809 1331 domum
830 1265 1036 1332 disoesserit?
1058 1270 1115 1332 aut
1130 1288 1227 1352 quem
1242 1265 1399 1351 aooipient
1414 1267 1458 1332 de

252 1369 319 1435 suis
333 1369 469 1455 posteris
490 1369 644 1435 nuntium
658 1368 710 1435 illi
723 1373 846 1436 veteres
866 1369 1028 1451 Africani,
1049 1371 1200 1450 Maximi,
1215 1369 1335 1450 Paulli,
1351 1367 1457 1456 Soipi·

247 1473 355 1541 ones?
388 1473 467 1560 quid
497 1473 537 1539 de
566 1495 624 1538 sua
648 1472 756 1559 patria
782 1473 926 1554 audient,
957 1495 1056 1559 quam
1080 1474 1190 1560 spoliis
1215 1472 1457 1560 triumphisque

249 1576 469 1644 deeoraruntt
498 1597 542 1641 an
571 1598 638 1642 esse
662 1577 825 1662 quendam
848 1599 951 1644 annos
974 1600 1078 1646 xv111.
1104 1582 1229 1658 natum,
1257 1578 1348 1644 ouius
1374 1599 1457 1644 anus

249 1682 351 1747 fuerit
379 1680 593 1765 argentarius,
624 1680 840 1766 adstipulator
868 1686 971 1767 pater,
1004 1687 1141 1768 uterque
1170 1703 1247 1748 vero
1273 1682 1456 1767 preoarium

246 1787 420 1871 quaestum
434 1783 556 1865 feeerit,
572 1784 628 1849 sed
651 1783 733 1850 alter
753 1805 856 1870 usque
874 1786 917 1851 ad
938 1790 1147 1865 sensotutem,
1163 1789 1202 1851 ut
1225 1807 1291 1850 non
1307 1787 1454 1872 negaret,

250 1888 334 1955 alter
354 1910 374 1954 a
394 1887 544 1974 pueritia,
566 1892 605 1953 ut
626 1909 692 1975 non
713 1892 821 1974 posset
843 1910 908 1954 non
927 1888 1090 1955 eonfitsri:
1114 1912 1190 1954 eum
1211 1910 1318 1973 agere,
1339 1910 1455 1974 rapere

247 2014 317 2060 rem
338 1990 512 2078 publioam,
538 1991 590 2057 oui
612 1991 705 2056 nullu
727 1991 841 2071 virtus,
864 1992 976 2058 nullae
997 1992 1083 2058 bello
1103 1992 1254 2059 subactae
1274 1996 1308 2058 et
1329 1992 1372 2058 ad
1390 1992 1454 2058 im·

248 2096 375 2185 perium
390 2095 562 2161 adiunctae
583 2094 778 2181 provinoiae,
792 2095 886 2161 nulla
907 2095 1052 2182 dignitas
1074 2096 1233 2162 maiorum
1249 2096 1452 2163 oonoiliasset

242 2222 319 2268 eam
333 2198 524 2287 potentiam,
545 2199 601 2265 sed
616 2198 722 2265 forma
737 2222 795 2285 per
817 2200 956 2266 dedeous
974 2201 1145 2286 peouniam
1161 2206 1194 2266 et
1209 2222 1328 2266 nomen
1343 2199 1453 2267 nobile

248 2302 498 2370 oonseeleratum
511 2302 716 2388 impudioitia
730 2303 881 2384 dedisset,
894 2307 948 2386 qui
960 2309 1084 2371 veteres
1094 2301 1284 2371 vulneribus
1299 2309 1332 2370 et
1345 2307 1453 2371 aetate

245 2407 411 2474 oonleotos
425 2405 572 2472 Iulianos
593 2405 799 2493 gladiatores,
823 2411 956 2494 egentes
976 2408 1130 2494 reliquias
1151 2406 1297 2473 (lassaris
1312 2407 1393 2487 ludi,
1409 2409 1452 2473 ad

247 2512 363 2578 rudem
387 2509 604 2595 eompulisset,
634 2508 752 2595 quibus
781 2510 838 2577 ille
867 2515 998 2598 saeptus
1025 2512 1135 2578 omnia
1163 2510 1323 2590 miseeret,
1351 2512 1452 2578 nullis

128 2612 132 2621 ’
247 2618 401 2702 paroeret,
431 2613 493 2680 sibi
522 2613 654 2694 viveret,
681 2615 738 2700 qui
760 2620 930 2700 tamquam
952 2614 989 2681 in
1015 2615 1118 2682 dotali
1144 2614 1351 2681 matrimonio
1381 2637 1451 2682 rem

245 2718 409 2807 publioam
431 2722 624 2785 testamento
645 2718 789 2806 legatam
811 2718 873 2785 sibi
895 2718 1084 2786 obtineret?
1138 2720 1190 2784 10.
1214 2718 1363 2785 Audient
1386 2719 1451 2785 duo

246 2822 340 2891 Deoii
366 2823 484 2890 servire
508 2844 561 2889 eos
584 2823 678 2904 nives,
702 2822 760 2909 qui
780 2827 819 2889 ut
840 2822 987 2890 hostibus
1008 2824 1216 2908 imperarent,
1240 2822 1394 2889 victoriae
1417 2845 1451 2890 se

244 2929 467 3007 devoverunt;
491 2927 602 2993 audiet
624 2925 661 2992 O.
678 2926 805 2993 Marius
826 2927 991 3014 impudioo
1014 2927 1146 2992 domino
1168 2948 1280 3013 parere
1300 2947 1369 3006 nos,
1393 2926 1450 3011 qui

245 3057 287 3101 ne
310 3034 450 3100 militem
475 3034 606 3120 quidem
632 3031 749 3099 habere
772 3033 877 3099 voluit
901 3033 966 3099 nisi
993 3034 1167 3119 pudioum;
1191 3031 1302 3097 audiet
1325 3030 1450 3098 Brutus

241 3160 321 3205 eum
346 3138 513 3224 populum,
540 3158 637 3221 quem
660 3136 729 3222 ipse
752 3136 867 3223 primo,
893 3140 966 3222 post
991 3136 1161 3221 progenies
1184 3134 1253 3201 eius
1275 3156 1295 3200 a
1318 3134 1450 3220 regibus

246 3241 407 3321 liberavit,
422 3262 481 3327 pro
496 3241 585 3327 turpi
600 3244 712 3325 stupro
734 3241 849 3306 datum
869 3240 905 3306 in
926 3241 1138 3306 servitutem:
1163 3261 1246 3324 quae
1261 3238 1405 3324 quidem,
1421 3238 1449 3303 si

244 3346 337 3413 nullo
361 3345 435 3425 alio,
462 3367 515 3410 me
541 3350 651 3409 tumen
676 3344 880 3410 internuntio
904 3344 1050 3411 eeleriter
1074 3345 1117 3410 ad
1142 3342 1216 3408 illos
1240 3342 1448 3421 deferentur3

241 3471 331 3529 uam,
346 3449 374 3515 si
388 3449 482 3515 virus
503 3447 566 3513 ista
587 3445 811 3535 subterfugere
834 3470 901 3514 non
922 3454 1044 3534 potero,
1065 3469 1133 3512 una
1156 3468 1230 3512 oum
1252 3445 1324 3510 istis
1346 3444 1449 3511 vitam

241 3553 341 3620 simul
355 3552 470 3639 fugere
485 3551 622 3617 decrevi.

275 3740 430 3804 appellemur]
462 3739 488 3789 Η
499 3739 571 3800 um
589 3755 692 3790 eooemsu
703 3739 741 3790 M.
868 3740 971 3802 sobools,
990 3740 1040 3790 and
1056 3738 1117 3789 sueh
1134 3756 1149 3789 a
1164 3738 1245 3788 sword
1260 3753 1313 3788 was
1330 3737 1404 3802 given
1420 3743 1448 3789 to

274 3809 298 3856 9.
315 3813 434 3855 aurnum
444 3805 550 3872 mma]
567 3821 606 3869 op.
619 3805 718 3861 Aesius.
727 3804 818 3871 quoted
869 3805 1003 3869 gladiatore
1017 3821 1050 3855 on
1067 3803 1132 3854 their
1142 3803 1280 3868 discharge.
1314 3804 1349 3852 As
1365 3803 1404 3852 sar
1419 3819 1448 3853 as

239 3870 313 3921 inN.
326 3870 359 3920 D.
371 3869 408 3919 iii.
421 3874 462 3920 41.
868 3887 907 3921 wa
917 3871 999 3932 how,
1010 3869 1055 3920 the
1068 3869 1157 3933 phrase
1172 3870 1230 3918 does
1245 3873 1289 3918 not
1300 3883 1374 3917 ooeur
1384 3868 1447 3918 else·

272 3934 446 4048 adstipulatoq]
482 3933 630 3998 ‘Designsri
645 3935 762 3985 ridentur
771 3934 819 3986 hoo
868 3935 960 3986 where.
995 3932 1447 3997 Amodernwouldprobeblyuseun

240 4000 322 4051 loooii
332 3999 377 4075 qui
388 4001 416 4049 in
438 4014 481 4049 oro
491 4000 522 4049 ad
532 4001 727 4063 argentariorum
737 4000 817 4050 taber-
867 3999 1009 4063 expression
1016 4000 1092 4049 taken
1102 3999 1167 4048 from
1173 3998 1217 4048 the
1225 3997 1369 4062 prise-ring.
1398 3996 1448 4047 We

239 4082 286 4116 nas
297 4065 449 4115 adsistebant
459 4069 486 4114 et
501 4066 612 4114 mercede
624 4065 708 4129 eliqua
718 4070 818 4128 accepta
867 4065 928 4126 flnd,
952 4065 979 4114 in
1000 4064 1168 4127 inscriptions,
1191 4079 1207 4114 s
1228 4062 1350 4127 gladiator
1367 4061 1448 4112 ealled

240 4130 346 4180 aliorum
363 4134 504 4179 eontraetus
521 4145 567 4178 sua
585 4129 776 4194 adstipulatione
792 4135 818 4180 at
863 4132 948 4191 prima
965 4131 1043 4191 rudis,
1062 4128 1112 4178 and
1131 4127 1234 4178 another
1249 4128 1349 4176 urenda
1366 4128 1444 4176 radia.

238 4195 289 4245 dds
299 4193 627 4244 firmabant.’-Foreellini.
867 4194 934 4244 Suob
962 4209 1026 4243 were
1053 4193 1200 4257 discharged
1228 4192 1362 4258 gladiatore
1388 4190 1446 4241 who

272 4262 304 4309 aa
315 4261 398 4309 rudem
406 4258 565 4325 compulisset]
602 4258 700 4310 ‘forced
715 4259 779 4310 baelr
790 4264 816 4309 to
865 4259 956 4323 taught
973 4260 1000 4308 ιιι
1015 4258 1059 4308 the
1074 4257 1187 4309 sehools:
1206 4273 1245 4321 ep.
1265 4258 1336 4308 ‘first
1346 4255 1444 4318 violin‚’

236 4323 368 4439 therinp!
402 4325 481 4374 nude
492 4340 542 4374 was
554 4323 597 4374 the
611 4325 714 4375 wooden
725 4325 814 4385 swerd,
868 4322 1082 4374 ‘seoondsiolim'

239 4390 300 4440 used
343 4404 371 4439 or
398 4387 505 4452 prastias
534 4387 562 4439 in
589 4389 633 4440 the
659 4388 816 4454 gladiatorial
901 4391 940 4439 10.
960 4385 1109 4454 alamur]
1141 4386 1290 4452 ophite.
