<?xml version="1.0" encoding="UTF-8"?>
<!DOCTYPE html PUBLIC "-//W3C//DTD XHTML 1.0 Transitional//EN"
    "http://www.w3.org/TR/xhtml1/DTD/xhtml1-transitional.dtd">
<html xmlns="http://www.w3.org/1999/xhtml" xml:lang="en" lang="en">
 <head>
  <title>
</title>
<meta http-equiv="Content-Type" content="text/html;charset=utf-8" />
  <meta name='ocr-system' content='tesseract 3.04.00' />
  <meta name='ocr-capabilities' content='ocr_page ocr_carea ocr_par ocr_line ocrx_word'/>
</head>
<body>
  <div class='ocr_page' id='page_1' title='image "./correspondencem01cicegoog_0318.png"; bbox 0 0 3022 5444; ppageno 0'>
   <div class='ocr_carea' id='block_1_1' title="bbox 408 403 1354 489">
    <p class='ocr_par' dir='ltr' id='par_1_1' title="bbox 408 403 1354 489">
     <span class='ocr_line' id='line_1_1' title="bbox 408 403 1354 489; baseline 0.001 -21"><span class='ocrx_word' id='word_1_1' title='bbox 408 404 742 471; x_wconf 79' lang='lat' dir='ltr'><em>DOOOLXXXIII.</em></span> <span class='ocrx_word' id='word_1_2' title='bbox 768 405 892 487; x_wconf 64' lang='grc' dir='ltr'><strong>(ΕΔΜ.</strong></span> <span class='ocrx_word' id='word_1_3' title='bbox 915 403 1004 471; x_wconf 87' lang='lat' dir='ltr'><strong><em>XII.</em></strong></span> <span class='ocrx_word' id='word_1_4' title='bbox 1026 405 1097 489; x_wconf 68' lang='grc'>11).</span> <span class='ocrx_word' id='word_1_5' title='bbox 1291 403 1354 470; x_wconf 86' lang='grc'>197</span> 
     </span>
    </p>
   </div>
   <div class='ocr_carea' id='block_1_2' title="bbox 144 588 1354 2425">
    <p class='ocr_par' dir='ltr' id='par_1_2' title="bbox 144 588 1354 2425">
     <span class='ocr_line' id='line_1_2' title="bbox 148 588 1354 676; baseline 0.002 -22"><span class='ocrx_word' id='word_1_6' title='bbox 148 588 335 674; x_wconf 90' lang='lat' dir='ltr'>colligerem</span> <span class='ocrx_word' id='word_1_7' title='bbox 350 594 383 655; x_wconf 86' lang='lat' dir='ltr'>et</span> <span class='ocrx_word' id='word_1_8' title='bbox 394 591 565 676; x_wconf 88' lang='lat' dir='ltr'>pecuniam</span> <span class='ocrx_word' id='word_1_9' title='bbox 574 611 672 674; x_wconf 90' lang='lat' dir='ltr'>quam</span> <span class='ocrx_word' id='word_1_10' title='bbox 684 591 827 675; x_wconf 90' lang='lat' dir='ltr'>primum</span> <span class='ocrx_word' id='word_1_11' title='bbox 842 590 982 657; x_wconf 86' lang='lat' dir='ltr'>Romam</span> <span class='ocrx_word' id='word_1_12' title='bbox 996 591 1170 657; x_wconf 83' lang='lat' dir='ltr'><strong>mitterem.</strong></span> <span class='ocrx_word' id='word_1_13' title='bbox 1215 589 1354 657; x_wconf 84' lang='lat' dir='ltr'>Interim</span> 
     </span>
     <span class='ocr_line' id='line_1_3' title="bbox 147 691 1354 779; baseline 0.001 -22"><span class='ocrx_word' id='word_1_14' title='bbox 147 695 285 778; x_wconf 78' lang='lat' dir='ltr'>cognovi</span> <span class='ocrx_word' id='word_1_15' title='bbox 300 694 336 758; x_wconf 91' lang='lat' dir='ltr'>in</span> <span class='ocrx_word' id='word_1_16' title='bbox 351 691 457 778; x_wconf 88' lang='lat' dir='ltr'>Lycia</span> <span class='ocrx_word' id='word_1_17' title='bbox 472 714 539 757; x_wconf 89' lang='lat' dir='ltr'>esse</span> <span class='ocrx_word' id='word_1_18' title='bbox 555 693 687 758; x_wconf 77' lang='lat' dir='ltr'><strong>classem</strong></span> <span class='ocrx_word' id='word_1_19' title='bbox 695 692 884 759; x_wconf 80' lang='lat' dir='ltr'>Dolabellae</span> <span class='ocrx_word' id='word_1_20' title='bbox 899 693 1101 779; x_wconf 79' lang='lat' dir='ltr'>ampliusque</span> <span class='ocrx_word' id='word_1_21' title='bbox 1112 698 1241 760; x_wconf 89' lang='lat' dir='ltr'>centum</span> <span class='ocrx_word' id='word_1_22' title='bbox 1256 714 1354 759; x_wconf 81' lang='lat' dir='ltr'>naves</span> 
     </span>
     <span class='ocr_line' id='line_1_4' title="bbox 147 796 1353 883; baseline 0.001 -23"><span class='ocrx_word' id='word_1_23' title='bbox 147 797 320 875; x_wconf 89' lang='lat' dir='ltr'>onerarias,</span> <span class='ocrx_word' id='word_1_24' title='bbox 336 796 371 861; x_wconf 91' lang='lat' dir='ltr'>in</span> <span class='ocrx_word' id='word_1_25' title='bbox 387 819 467 881; x_wconf 89' lang='lat' dir='ltr'>quas</span> <span class='ocrx_word' id='word_1_26' title='bbox 482 796 639 862; x_wconf 87' lang='lat' dir='ltr'>exercitus</span> <span class='ocrx_word' id='word_1_27' title='bbox 654 797 723 861; x_wconf 91' lang='lat' dir='ltr'>eius</span> <span class='ocrx_word' id='word_1_28' title='bbox 744 796 869 882; x_wconf 92' lang='lat' dir='ltr'>imponi</span> <span class='ocrx_word' id='word_1_29' title='bbox 891 802 1008 883; x_wconf 87' lang='lat' dir='ltr'>posset,</span> <span class='ocrx_word' id='word_1_30' title='bbox 1023 798 1121 882; x_wconf 90' lang='lat' dir='ltr'>idque</span> <span class='ocrx_word' id='word_1_31' title='bbox 1148 796 1353 863; x_wconf 86' lang='lat' dir='ltr'>Dolabellam</span> 
     </span>
     <span class='ocr_line' id='line_1_5' title="bbox 146 898 1353 985; baseline 0 -22"><span class='ocrx_word' id='word_1_32' title='bbox 146 920 185 963; x_wconf 88' lang='lat' dir='ltr'>ea</span> <span class='ocrx_word' id='word_1_33' title='bbox 199 905 309 965; x_wconf 91' lang='lat' dir='ltr'>mente</span> <span class='ocrx_word' id='word_1_34' title='bbox 324 921 535 984; x_wconf 80' lang='lat' dir='ltr'>comparasse,</span> <span class='ocrx_word' id='word_1_35' title='bbox 550 903 599 980; x_wconf 89' lang='lat' dir='ltr'>ut,</span> <span class='ocrx_word' id='word_1_36' title='bbox 614 900 642 964; x_wconf 91' lang='lat' dir='ltr'>si</span> <span class='ocrx_word' id='word_1_37' title='bbox 658 898 772 983; x_wconf 81' lang='lat' dir='ltr'>Syriae</span> <span class='ocrx_word' id='word_1_38' title='bbox 794 921 865 985; x_wconf 90' lang='lat' dir='ltr'>spes</span> <span class='ocrx_word' id='word_1_39' title='bbox 889 921 964 965; x_wconf 91' lang='lat' dir='ltr'>eum</span> <span class='ocrx_word' id='word_1_40' title='bbox 990 900 1146 965; x_wconf 87' lang='lat' dir='ltr'>frustrata</span> <span class='ocrx_word' id='word_1_41' title='bbox 1171 906 1263 981; x_wconf 88' lang='lat' dir='ltr'>esset,</span> <span class='ocrx_word' id='word_1_42' title='bbox 1279 921 1353 964; x_wconf 92' lang='lat' dir='ltr'>con·</span> 
     </span>
     <span class='ocr_line' id='line_1_6' title="bbox 145 1002 1353 1088; baseline 0.001 -22"><span class='ocrx_word' id='word_1_43' title='bbox 145 1004 311 1068; x_wconf 85' lang='lat' dir='ltr'>scanderet</span> <span class='ocrx_word' id='word_1_44' title='bbox 326 1002 361 1068; x_wconf 91' lang='lat' dir='ltr'>in</span> <span class='ocrx_word' id='word_1_45' title='bbox 373 1025 471 1068; x_wconf 84' lang='lat' dir='ltr'>naves</span> <span class='ocrx_word' id='word_1_46' title='bbox 486 1007 519 1068; x_wconf 87' lang='lat' dir='ltr'>et</span> <span class='ocrx_word' id='word_1_47' title='bbox 533 1003 668 1068; x_wconf 90' lang='lat' dir='ltr'>Italiam</span> <span class='ocrx_word' id='word_1_48' title='bbox 683 1007 805 1088; x_wconf 88' lang='lat' dir='ltr'>peteret</span> <span class='ocrx_word' id='word_1_49' title='bbox 820 1025 917 1088; x_wconf 88' lang='lat' dir='ltr'>seque</span> <span class='ocrx_word' id='word_1_50' title='bbox 928 1025 1002 1069; x_wconf 89' lang='lat' dir='ltr'>cum</span> <span class='ocrx_word' id='word_1_51' title='bbox 1013 1003 1168 1069; x_wconf 82' lang='lat' dir='ltr'>Antoniis</span> <span class='ocrx_word' id='word_1_52' title='bbox 1177 1008 1209 1069; x_wconf 86' lang='lat' dir='ltr'>et</span> <span class='ocrx_word' id='word_1_53' title='bbox 1220 1002 1353 1088; x_wconf 89' lang='lat' dir='ltr'>reliquis</span> 
     </span>
     <span class='ocr_line' id='line_1_7' title="bbox 145 1104 1354 1190; baseline -0.001 -21"><span class='ocrx_word' id='word_1_54' title='bbox 145 1104 328 1171; x_wconf 88' lang='lat' dir='ltr'>latronibus</span> <span class='ocrx_word' id='word_1_55' title='bbox 343 1106 564 1190; x_wconf 86' lang='lat' dir='ltr'>coniungeret.</span> <span class='ocrx_word' id='word_1_56' title='bbox 611 1105 712 1170; x_wconf 82' lang='lat' dir='ltr'>Cuius</span> <span class='ocrx_word' id='word_1_57' title='bbox 726 1106 773 1170; x_wconf 89' lang='lat' dir='ltr'>rei</span> <span class='ocrx_word' id='word_1_58' title='bbox 787 1109 880 1171; x_wconf 90' lang='lat' dir='ltr'>tanto</span> <span class='ocrx_word' id='word_1_59' title='bbox 895 1106 931 1170; x_wconf 88' lang='lat' dir='ltr'>in</span> <span class='ocrx_word' id='word_1_60' title='bbox 946 1105 1132 1184; x_wconf 75' lang='lat' dir='ltr'>timemini,</span> <span class='ocrx_word' id='word_1_61' title='bbox 1148 1110 1186 1170; x_wconf 89' lang='lat' dir='ltr'>ut</span> <span class='ocrx_word' id='word_1_62' title='bbox 1205 1104 1354 1171; x_wconf 89' lang='lat' dir='ltr'>omnibus</span> 
     </span>
     <span class='ocr_line' id='line_1_8' title="bbox 145 1205 1352 1293; baseline 0 -22"><span class='ocrx_word' id='word_1_63' title='bbox 145 1205 240 1272; x_wconf 89' lang='lat' dir='ltr'>rebus</span> <span class='ocrx_word' id='word_1_64' title='bbox 251 1208 372 1273; x_wconf 90' lang='lat' dir='ltr'>relictis</span> <span class='ocrx_word' id='word_1_65' title='bbox 382 1230 455 1272; x_wconf 89' lang='lat' dir='ltr'>cum</span> <span class='ocrx_word' id='word_1_66' title='bbox 467 1205 671 1293; x_wconf 78' lang='lat' dir='ltr'>paucioribus</span> <span class='ocrx_word' id='word_1_67' title='bbox 686 1213 719 1273; x_wconf 90' lang='lat' dir='ltr'>et</span> <span class='ocrx_word' id='word_1_68' title='bbox 733 1207 913 1275; x_wconf 85' lang='lat' dir='ltr'>minoribus</span> <span class='ocrx_word' id='word_1_69' title='bbox 922 1207 1059 1274; x_wconf 88' lang='lat' dir='ltr'>navibus</span> <span class='ocrx_word' id='word_1_70' title='bbox 1067 1210 1109 1273; x_wconf 88' lang='lat' dir='ltr'>ad</span> <span class='ocrx_word' id='word_1_71' title='bbox 1118 1209 1191 1273; x_wconf 90' lang='lat' dir='ltr'>illas</span> <span class='ocrx_word' id='word_1_72' title='bbox 1201 1208 1248 1273; x_wconf 89' lang='lat' dir='ltr'>ire</span> <span class='ocrx_word' id='word_1_73' title='bbox 1258 1228 1352 1273; x_wconf 88' lang='lat' dir='ltr'>cona·</span> 
     </span>
     <span class='ocr_line' id='line_1_9' title="bbox 145 1310 1353 1396; baseline 0.001 -22"><span class='ocrx_word' id='word_1_74' title='bbox 145 1313 199 1374; x_wconf 86' lang='lat' dir='ltr'>tus</span> <span class='ocrx_word' id='word_1_75' title='bbox 213 1310 285 1375; x_wconf 91' lang='lat' dir='ltr'>sim.</span> <span class='ocrx_word' id='word_1_76' title='bbox 316 1311 348 1375; x_wconf 83' lang='lat'>2.</span> <span class='ocrx_word' id='word_1_77' title='bbox 373 1310 466 1381; x_wconf 80' lang='lat' dir='ltr'>Quae</span> <span class='ocrx_word' id='word_1_78' title='bbox 482 1333 543 1390; x_wconf 90' lang='lat' dir='ltr'>res,</span> <span class='ocrx_word' id='word_1_79' title='bbox 559 1311 586 1375; x_wconf 90' lang='lat' dir='ltr'>si</span> <span class='ocrx_word' id='word_1_80' title='bbox 602 1311 772 1377; x_wconf 87' lang='lat' dir='ltr'>aRhodiis</span> <span class='ocrx_word' id='word_1_81' title='bbox 781 1334 848 1377; x_wconf 92' lang='lat' dir='ltr'>non</span> <span class='ocrx_word' id='word_1_82' title='bbox 857 1333 958 1377; x_wconf 88' lang='lat' dir='ltr'>essem</span> <span class='ocrx_word' id='word_1_83' title='bbox 967 1311 1202 1396; x_wconf 85' lang='lat' dir='ltr'>interpellatus,</span> <span class='ocrx_word' id='word_1_84' title='bbox 1216 1311 1353 1375; x_wconf 83' lang='lat' dir='ltr'>fortasse</span> 
     </span>
     <span class='ocr_line' id='line_1_10' title="bbox 145 1411 1352 1500; baseline -0.001 -23"><span class='ocrx_word' id='word_1_85' title='bbox 145 1417 216 1477; x_wconf 86' lang='lat' dir='ltr'>tota</span> <span class='ocrx_word' id='word_1_86' title='bbox 231 1412 359 1478; x_wconf 90' lang='lat' dir='ltr'>sublata</span> <span class='ocrx_word' id='word_1_87' title='bbox 375 1418 456 1478; x_wconf 86' lang='lat' dir='ltr'>esset</span> <span class='ocrx_word' id='word_1_88' title='bbox 472 1437 479 1479; x_wconf 95' lang='lat'><strong>:</strong></span> <span class='ocrx_word' id='word_1_89' title='bbox 502 1418 614 1480; x_wconf 85' lang='lat' dir='ltr'>tamen</span> <span class='ocrx_word' id='word_1_90' title='bbox 629 1436 751 1500; x_wconf 89' lang='lat' dir='ltr'>magna</span> <span class='ocrx_word' id='word_1_91' title='bbox 766 1437 806 1479; x_wconf 84' lang='lat' dir='ltr'>ex</span> <span class='ocrx_word' id='word_1_92' title='bbox 828 1420 922 1500; x_wconf 90' lang='lat' dir='ltr'>parte</span> <span class='ocrx_word' id='word_1_93' title='bbox 935 1415 1108 1499; x_wconf 86' lang='lat' dir='ltr'>profligata</span> <span class='ocrx_word' id='word_1_94' title='bbox 1123 1419 1182 1492; x_wconf 88' lang='lat' dir='ltr'>est,</span> <span class='ocrx_word' id='word_1_95' title='bbox 1197 1411 1352 1497; x_wconf 88' lang='lat' dir='ltr'>quoniam</span> 
     </span>
     <span class='ocr_line' id='line_1_11' title="bbox 146 1515 1353 1602; baseline -0.001 -22"><span class='ocrx_word' id='word_1_96' title='bbox 146 1515 277 1599; x_wconf 90' lang='lat' dir='ltr'>quidem</span> <span class='ocrx_word' id='word_1_97' title='bbox 293 1516 401 1581; x_wconf 90' lang='lat' dir='ltr'>classis</span> <span class='ocrx_word' id='word_1_98' title='bbox 416 1516 573 1602; x_wconf 85' lang='lat' dir='ltr'>dissipata</span> <span class='ocrx_word' id='word_1_99' title='bbox 587 1522 636 1583; x_wconf 90' lang='lat' dir='ltr'>est</span> <span class='ocrx_word' id='word_1_100' title='bbox 648 1520 807 1583; x_wconf 87' lang='lat' dir='ltr'>adventus</span> <span class='ocrx_word' id='word_1_101' title='bbox 818 1518 920 1582; x_wconf 88' lang='lat' dir='ltr'>nostri</span> <span class='ocrx_word' id='word_1_102' title='bbox 930 1516 1056 1596; x_wconf 87' lang='lat' dir='ltr'>timore,</span> <span class='ocrx_word' id='word_1_103' title='bbox 1065 1517 1185 1581; x_wconf 89' lang='lat' dir='ltr'>milites</span> <span class='ocrx_word' id='word_1_104' title='bbox 1194 1517 1353 1599; x_wconf 89' lang='lat' dir='ltr'>ducesque</span> 
     </span>
     <span class='ocr_line' id='line_1_12' title="bbox 146 1617 1352 1706; baseline -0.001 -22"><span class='ocrx_word' id='word_1_105' title='bbox 146 1620 344 1706; x_wconf 84' lang='lat' dir='ltr'>effugerunt,</span> <span class='ocrx_word' id='word_1_106' title='bbox 361 1621 526 1686; x_wconf 88' lang='lat' dir='ltr'>onerariae</span> <span class='ocrx_word' id='word_1_107' title='bbox 541 1643 651 1687; x_wconf 90' lang='lat' dir='ltr'>omnes</span> <span class='ocrx_word' id='word_1_108' title='bbox 666 1623 823 1686; x_wconf 91' lang='lat' dir='ltr'>adunam</span> <span class='ocrx_word' id='word_1_109' title='bbox 839 1619 963 1686; x_wconf 90' lang='lat' dir='ltr'>anobis</span> <span class='ocrx_word' id='word_1_110' title='bbox 973 1626 1050 1685; x_wconf 84' lang='lat' dir='ltr'>sunt</span> <span class='ocrx_word' id='word_1_111' title='bbox 1060 1624 1221 1705; x_wconf 88' lang='lat' dir='ltr'>exceptae.</span> <span class='ocrx_word' id='word_1_112' title='bbox 1247 1617 1352 1697; x_wconf 78' lang='lat' dir='ltr'>certe,</span> 
     </span>
     <span class='ocr_line' id='line_1_13' title="bbox 145 1719 1353 1808; baseline -0.002 -20"><span class='ocrx_word' id='word_1_113' title='bbox 145 1726 233 1808; x_wconf 88' lang='lat' dir='ltr'>quod</span> <span class='ocrx_word' id='word_1_114' title='bbox 249 1725 390 1789; x_wconf 87' lang='lat' dir='ltr'>maxime</span> <span class='ocrx_word' id='word_1_115' title='bbox 406 1724 513 1803; x_wconf 89' lang='lat' dir='ltr'>timui,</span> <span class='ocrx_word' id='word_1_116' title='bbox 522 1724 633 1790; x_wconf 87' lang='lat' dir='ltr'>videor</span> <span class='ocrx_word' id='word_1_117' title='bbox 648 1745 715 1789; x_wconf 89' lang='lat' dir='ltr'>esse</span> <span class='ocrx_word' id='word_1_118' title='bbox 729 1730 926 1803; x_wconf 90' lang='lat' dir='ltr'>consecutus,</span> <span class='ocrx_word' id='word_1_119' title='bbox 939 1729 977 1788; x_wconf 84' lang='lat' dir='ltr'>ut</span> <span class='ocrx_word' id='word_1_120' title='bbox 991 1745 1057 1789; x_wconf 94' lang='lat' dir='ltr'>non</span> <span class='ocrx_word' id='word_1_121' title='bbox 1071 1723 1172 1808; x_wconf 90' lang='lat' dir='ltr'>possit</span> <span class='ocrx_word' id='word_1_122' title='bbox 1180 1719 1353 1788; x_wconf 83' lang='lat' dir='ltr'>Dolabella</span> 
     </span>
     <span class='ocr_line' id='line_1_14' title="bbox 145 1825 1353 1912; baseline -0.001 -21"><span class='ocrx_word' id='word_1_123' title='bbox 145 1828 180 1891; x_wconf 91' lang='lat' dir='ltr'>in</span> <span class='ocrx_word' id='word_1_124' title='bbox 196 1827 332 1893; x_wconf 88' lang='lat' dir='ltr'>Italiam</span> <span class='ocrx_word' id='word_1_125' title='bbox 348 1828 515 1912; x_wconf 87' lang='lat' dir='ltr'>pervenire</span> <span class='ocrx_word' id='word_1_126' title='bbox 530 1849 590 1892; x_wconf 90' lang='lat' dir='ltr'>nec</span> <span class='ocrx_word' id='word_1_127' title='bbox 611 1828 678 1892; x_wconf 90' lang='lat' dir='ltr'>suis</span> <span class='ocrx_word' id='word_1_128' title='bbox 701 1828 793 1893; x_wconf 89' lang='lat' dir='ltr'>sociis</span> <span class='ocrx_word' id='word_1_129' title='bbox 817 1827 955 1893; x_wconf 89' lang='lat' dir='ltr'>firmatis</span> <span class='ocrx_word' id='word_1_130' title='bbox 978 1827 1091 1892; x_wconf 88' lang='lat' dir='ltr'>durius</span> <span class='ocrx_word' id='word_1_131' title='bbox 1113 1825 1205 1891; x_wconf 84' lang='lat' dir='ltr'>vobis</span> <span class='ocrx_word' id='word_1_132' title='bbox 1230 1825 1353 1891; x_wconf 86' lang='lat' dir='ltr'>efficere</span> 
     </span>
     <span class='ocr_line' id='line_1_15' title="bbox 144 1929 1351 2016; baseline -0.002 -22"><span class='ocrx_word' id='word_1_133' title='bbox 144 1931 324 2016; x_wconf 89' lang='lat' dir='ltr'>negotium.</span> <span class='ocrx_word' id='word_1_134' title='bbox 371 1932 401 1995; x_wconf 87' lang='lat'>3.</span> <span class='ocrx_word' id='word_1_135' title='bbox 427 1929 549 1995; x_wconf 84' lang='lat' dir='ltr'>Rhodii</span> <span class='ocrx_word' id='word_1_136' title='bbox 571 1952 629 1995; x_wconf 89' lang='lat' dir='ltr'>nos</span> <span class='ocrx_word' id='word_1_137' title='bbox 653 1934 685 1996; x_wconf 88' lang='lat' dir='ltr'>et</span> <span class='ocrx_word' id='word_1_138' title='bbox 704 1953 773 1996; x_wconf 90' lang='lat' dir='ltr'>rem</span> <span class='ocrx_word' id='word_1_139' title='bbox 794 1930 958 2016; x_wconf 88' lang='lat' dir='ltr'>publicam</span> <span class='ocrx_word' id='word_1_140' title='bbox 973 1951 1070 2013; x_wconf 90' lang='lat' dir='ltr'>quam</span> <span class='ocrx_word' id='word_1_141' title='bbox 1086 1929 1182 1994; x_wconf 84' lang='lat' dir='ltr'>valde</span> <span class='ocrx_word' id='word_1_142' title='bbox 1204 1930 1351 2013; x_wconf 83' lang='lat' dir='ltr'>despera·</span> 
     </span>
     <span class='ocr_line' id='line_1_16' title="bbox 145 2029 1353 2119; baseline -0.002 -20"><span class='ocrx_word' id='word_1_143' title='bbox 145 2034 252 2099; x_wconf 81' lang='lat' dir='ltr'>verint</span> <span class='ocrx_word' id='word_1_144' title='bbox 268 2056 308 2098; x_wconf 90' lang='lat' dir='ltr'>ex</span> <span class='ocrx_word' id='word_1_145' title='bbox 324 2033 451 2113; x_wconf 87' lang='lat' dir='ltr'>litteris,</span> <span class='ocrx_word' id='word_1_146' title='bbox 468 2055 548 2118; x_wconf 90' lang='lat' dir='ltr'>quas</span> <span class='ocrx_word' id='word_1_147' title='bbox 563 2032 690 2118; x_wconf 90' lang='lat' dir='ltr'>publice</span> <span class='ocrx_word' id='word_1_148' title='bbox 712 2033 796 2113; x_wconf 90' lang='lat' dir='ltr'>misi,</span> <span class='ocrx_word' id='word_1_149' title='bbox 813 2054 992 2119; x_wconf 84' lang='lat' dir='ltr'>cognosces.</span> <span class='ocrx_word' id='word_1_150' title='bbox 1037 2031 1085 2097; x_wconf 84' lang='lat' dir='ltr'>Et</span> <span class='ocrx_word' id='word_1_151' title='bbox 1102 2032 1233 2116; x_wconf 89' lang='lat' dir='ltr'>quidem</span> <span class='ocrx_word' id='word_1_152' title='bbox 1249 2029 1353 2096; x_wconf 80' lang='lat' dir='ltr'>multo</span> 
     </span>
     <span class='ocr_line' id='line_1_17' title="bbox 144 2131 1352 2220; baseline -0.001 -21"><span class='ocrx_word' id='word_1_153' title='bbox 144 2136 273 2220; x_wconf 89' lang='lat' dir='ltr'>parcius</span> <span class='ocrx_word' id='word_1_154' title='bbox 296 2135 418 2220; x_wconf 89' lang='lat' dir='ltr'>scripsi,</span> <span class='ocrx_word' id='word_1_155' title='bbox 434 2132 540 2220; x_wconf 84' lang='lat' dir='ltr'>&#39;quam</span> <span class='ocrx_word' id='word_1_156' title='bbox 562 2158 597 2201; x_wconf 91' lang='lat' dir='ltr'>re</span> <span class='ocrx_word' id='word_1_157' title='bbox 619 2158 696 2201; x_wconf 86' lang='lat' dir='ltr'>vera</span> <span class='ocrx_word' id='word_1_158' title='bbox 719 2136 826 2202; x_wconf 84' lang='lat' dir='ltr'>furere</span> <span class='ocrx_word' id='word_1_159' title='bbox 848 2157 902 2203; x_wconf 91' lang='lat' dir='ltr'>eos</span> <span class='ocrx_word' id='word_1_160' title='bbox 921 2135 1053 2201; x_wconf 82' lang='lat' dir='ltr'>inveni:</span> <span class='ocrx_word' id='word_1_161' title='bbox 1081 2135 1168 2218; x_wconf 88' lang='lat' dir='ltr'>quod</span> <span class='ocrx_word' id='word_1_162' title='bbox 1192 2154 1267 2199; x_wconf 85' lang='lat' dir='ltr'>vero</span> <span class='ocrx_word' id='word_1_163' title='bbox 1293 2131 1352 2197; x_wconf 90' lang='lat' dir='ltr'>ali·</span> 
     </span>
     <span class='ocr_line' id='line_1_18' title="bbox 145 2234 1353 2323; baseline -0.002 -21"><span class='ocrx_word' id='word_1_164' title='bbox 145 2238 224 2322; x_wconf 88' lang='lat' dir='ltr'>quid</span> <span class='ocrx_word' id='word_1_165' title='bbox 247 2239 288 2302; x_wconf 91' lang='lat' dir='ltr'>de</span> <span class='ocrx_word' id='word_1_166' title='bbox 314 2239 355 2302; x_wconf 90' lang='lat' dir='ltr'>iis</span> <span class='ocrx_word' id='word_1_167' title='bbox 375 2238 496 2323; x_wconf 85' lang='lat' dir='ltr'>scripsi,</span> <span class='ocrx_word' id='word_1_168' title='bbox 517 2238 630 2303; x_wconf 87' lang='lat' dir='ltr'>mirari</span> <span class='ocrx_word' id='word_1_169' title='bbox 651 2239 741 2304; x_wconf 91' lang='lat' dir='ltr'>noli:</span> <span class='ocrx_word' id='word_1_170' title='bbox 769 2241 853 2305; x_wconf 88' lang='lat' dir='ltr'>mira</span> <span class='ocrx_word' id='word_1_171' title='bbox 875 2242 924 2304; x_wconf 88' lang='lat' dir='ltr'>est</span> <span class='ocrx_word' id='word_1_172' title='bbox 949 2259 1060 2303; x_wconf 91' lang='lat' dir='ltr'>eorum</span> <span class='ocrx_word' id='word_1_173' title='bbox 1084 2237 1236 2301; x_wconf 86' lang='lat' dir='ltr'>amentia.</span> <span class='ocrx_word' id='word_1_174' title='bbox 1281 2234 1353 2301; x_wconf 91' lang='lat' dir='ltr'>Nec</span> 
     </span>
     <span class='ocr_line' id='line_1_19' title="bbox 145 2336 1353 2425; baseline -0.001 -22"><span class='ocrx_word' id='word_1_175' title='bbox 145 2347 302 2405; x_wconf 64' lang='lat' dir='ltr'>crescerent</span> <span class='ocrx_word' id='word_1_176' title='bbox 317 2363 370 2405; x_wconf 93' lang='lat' dir='ltr'>me</span> <span class='ocrx_word' id='word_1_177' title='bbox 384 2363 475 2406; x_wconf 88' lang='lat' dir='ltr'>meae</span> <span class='ocrx_word' id='word_1_178' title='bbox 491 2341 578 2406; x_wconf 89' lang='lat' dir='ltr'>ullae</span> <span class='ocrx_word' id='word_1_179' title='bbox 594 2341 747 2425; x_wconf 85' lang='lat' dir='ltr'>privatim</span> <span class='ocrx_word' id='word_1_180' title='bbox 758 2340 898 2406; x_wconf 89' lang='lat' dir='ltr'>iniuriae</span> <span class='ocrx_word' id='word_1_181' title='bbox 913 2360 1088 2424; x_wconf 89' lang='lat' dir='ltr'>umquam:</span> <span class='ocrx_word' id='word_1_182' title='bbox 1105 2338 1210 2403; x_wconf 90' lang='lat' dir='ltr'>malus</span> <span class='ocrx_word' id='word_1_183' title='bbox 1225 2336 1353 2403; x_wconf 90' lang='lat' dir='ltr'>animus</span> 
     </span>
    </p>
   </div>
   <div class='ocr_carea' id='block_1_3' title="bbox 140 2559 1353 4503">
    <p class='ocr_par' dir='ltr' id='par_1_3' title="bbox 140 2559 1353 4503">
     <span class='ocr_line' id='line_1_20' title="bbox 178 2559 1353 2626; baseline 0.001 -17"><span class='ocrx_word' id='word_1_184' title='bbox 178 2559 725 2624; x_wconf 76' lang='lat' dir='ltr'>Thisieaprivatelestertocicero,butor</span> <span class='ocrx_word' id='word_1_185' title='bbox 807 2578 848 2612; x_wconf 80' lang='lat' dir='ltr'>me</span> <span class='ocrx_word' id='word_1_186' title='bbox 873 2596 880 2612; x_wconf 90' lang='lat'>.</span> <span class='ocrx_word' id='word_1_187' title='bbox 907 2599 914 2611; x_wconf 92' lang='lat'>.</span> <span class='ocrx_word' id='word_1_188' title='bbox 943 2597 949 2610; x_wconf 90' lang='lat'>.</span> <span class='ocrx_word' id='word_1_189' title='bbox 976 2579 988 2610; x_wconf 83' lang='lat' dir='ltr'>e</span> <span class='ocrx_word' id='word_1_190' title='bbox 1024 2577 1062 2610; x_wconf 85' lang='lat' dir='ltr'>ere</span> <span class='ocrx_word' id='word_1_191' title='bbox 1077 2560 1210 2626; x_wconf 72' lang='lat' dir='ltr'>negotium]</span> <span class='ocrx_word' id='word_1_192' title='bbox 1245 2560 1353 2625; x_wconf 84' lang='lat' dir='ltr'>‘nctby</span> 
     </span>
     <span class='ocr_line' id='line_1_21' title="bbox 145 2625 1353 2690; baseline 0.002 -17"><span class='ocrx_word' id='word_1_193' title='bbox 145 2626 220 2674; x_wconf 86' lang='lat' dir='ltr'>much</span> <span class='ocrx_word' id='word_1_194' title='bbox 231 2625 275 2674; x_wconf 85' lang='lat' dir='ltr'>the</span> <span class='ocrx_word' id='word_1_195' title='bbox 286 2641 353 2675; x_wconf 86' lang='lat' dir='ltr'>sams</span> <span class='ocrx_word' id='word_1_196' title='bbox 364 2632 435 2674; x_wconf 91' lang='lat' dir='ltr'>tenor</span> <span class='ocrx_word' id='word_1_197' title='bbox 446 2641 472 2674; x_wconf 89' lang='lat' dir='ltr'>as</span> <span class='ocrx_word' id='word_1_198' title='bbox 485 2629 541 2674; x_wconf 80' lang='lat'>882.</span> <span class='ocrx_word' id='word_1_199' title='bbox 774 2626 965 2690; x_wconf 86' lang='lat' dir='ltr'>strengthening</span> <span class='ocrx_word' id='word_1_200' title='bbox 979 2628 1017 2676; x_wconf 88' lang='lat' dir='ltr'>bis</span> <span class='ocrx_word' id='word_1_201' title='bbox 1031 2626 1101 2676; x_wconf 87' lang='lat' dir='ltr'>ellies</span> <span class='ocrx_word' id='word_1_202' title='bbox 1112 2643 1185 2675; x_wconf 84' lang='lat' dir='ltr'>cause</span> <span class='ocrx_word' id='word_1_203' title='bbox 1198 2642 1249 2690; x_wconf 85' lang='lat' dir='ltr'>you</span> <span class='ocrx_word' id='word_1_204' title='bbox 1260 2643 1275 2675; x_wconf 86' lang='lat' dir='ltr'>a</span> <span class='ocrx_word' id='word_1_205' title='bbox 1286 2641 1353 2676; x_wconf 80' lang='lat' dir='ltr'>mom</span> 
     </span>
     <span class='ocr_line' id='line_1_22' title="bbox 179 2689 1350 2754; baseline 0.002 -17"><span class='ocrx_word' id='word_1_206' title='bbox 179 2694 202 2738; x_wconf 95' lang='grc'>1.</span> <span class='ocrx_word' id='word_1_207' title='bbox 221 2698 268 2738; x_wconf 79' lang='lat' dir='ltr'>nt.</span> <span class='ocrx_word' id='word_1_208' title='bbox 289 2727 294 2738; x_wconf 94' lang='lat'>.</span> <span class='ocrx_word' id='word_1_209' title='bbox 316 2693 467 2751; x_wconf 79' lang='lat' dir='ltr'>,colliperam</span> <span class='ocrx_word' id='word_1_210' title='bbox 516 2689 645 2740; x_wconf 83' lang='lat' dir='ltr'>‘tofinish</span> <span class='ocrx_word' id='word_1_211' title='bbox 656 2691 725 2741; x_wconf 82' lang='lat' dir='ltr'>what</span> <span class='ocrx_word' id='word_1_212' title='bbox 774 2692 996 2742; x_wconf 81' lang='lat' dir='ltr'>serioustrcuble.’</span> <span class='ocrx_word' id='word_1_213' title='bbox 1030 2692 1184 2748; x_wconf 77' lang='lat' dir='ltr'>Fordarr&#39;us,</span> <span class='ocrx_word' id='word_1_214' title='bbox 1200 2707 1239 2754; x_wconf 90' lang='lat' dir='ltr'>cp.</span> <span class='ocrx_word' id='word_1_215' title='bbox 1257 2693 1350 2752; x_wconf 78' lang='lat'>861‚2,</span> 
     </span>
     <span class='ocr_line' id='line_1_23' title="bbox 144 2754 1352 2819; baseline 0.002 -17"><span class='ocrx_word' id='word_1_216' title='bbox 144 2755 270 2804; x_wconf 87' lang='lat' dir='ltr'>remained</span> <span class='ocrx_word' id='word_1_217' title='bbox 284 2754 311 2803; x_wconf 82' lang='lat' dir='ltr'>ol</span> <span class='ocrx_word' id='word_1_218' title='bbox 327 2771 370 2818; x_wconf 88' lang='lat' dir='ltr'>my</span> <span class='ocrx_word' id='word_1_219' title='bbox 380 2762 469 2804; x_wconf 85' lang='lat' dir='ltr'>tax-co</span> <span class='ocrx_word' id='word_1_220' title='bbox 480 2755 573 2818; x_wconf 86' lang='lat' dir='ltr'>leoting</span> <span class='ocrx_word' id='word_1_221' title='bbox 591 2755 723 2806; x_wconf 62' lang='lat' dir='ltr'>business)</span> <span class='ocrx_word' id='word_1_222' title='bbox 774 2765 801 2805; x_wconf 80' lang='lat' dir='ltr'>ut</span> <span class='ocrx_word' id='word_1_223' title='bbox 810 2760 832 2805; x_wconf 72' lang='lat' dir='ltr'>ss*</span> <span class='ocrx_word' id='word_1_224' title='bbox 841 2759 927 2805; x_wconf 79' lang='lat' dir='ltr'>durius</span> <span class='ocrx_word' id='word_1_225' title='bbox 935 2757 1094 2819; x_wconf 64' lang='lat' dir='ltr'>aliquidaut</span> <span class='ocrx_word' id='word_1_226' title='bbox 1105 2771 1240 2805; x_wconf 79' lang='lat' dir='ltr'>succurrere</span> <span class='ocrx_word' id='word_1_227' title='bbox 1245 2757 1352 2804; x_wconf 79' lang='lat' dir='ltr'>celeriter·</span> 
     </span>
     <span class='ocr_line' id='line_1_24' title="bbox 145 2819 871 2884; baseline 0.006 -17"><span class='ocrx_word' id='word_1_228' title='bbox 145 2819 195 2868; x_wconf 88' lang='lat' dir='ltr'>For</span> <span class='ocrx_word' id='word_1_229' title='bbox 211 2822 334 2880; x_wconf 80' lang='lat' dir='ltr'>reliquias,</span> <span class='ocrx_word' id='word_1_230' title='bbox 348 2835 386 2879; x_wconf 84' lang='lat' dir='ltr'>ep.</span> <span class='ocrx_word' id='word_1_231' title='bbox 402 2819 472 2867; x_wconf 87' lang='lat' dir='ltr'>Fam.</span> <span class='ocrx_word' id='word_1_232' title='bbox 490 2819 544 2869; x_wconf 87' lang='lat' dir='ltr'>xiii.</span> <span class='ocrx_word' id='word_1_233' title='bbox 559 2823 599 2880; x_wconf 85' lang='lat'>66,</span> <span class='ocrx_word' id='word_1_234' title='bbox 613 2823 627 2868; x_wconf 82' lang='lat'>2</span> <span class='ocrx_word' id='word_1_235' title='bbox 646 2821 722 2884; x_wconf 81' lang='grc'>(506),</span> <span class='ocrx_word' id='word_1_236' title='bbox 769 2838 871 2883; x_wconf 78' lang='lat' dir='ltr'>possem.</span> 
     </span>
     <span class='ocr_line' id='line_1_25' title="bbox 144 2883 1352 2960; baseline 0.001 -28"><span class='ocrx_word' id='word_1_237' title='bbox 144 2901 184 2932; x_wconf 87' lang='lat' dir='ltr'>cre</span> <span class='ocrx_word' id='word_1_238' title='bbox 196 2892 223 2931; x_wconf 82' lang='lat' dir='ltr'>ut</span> <span class='ocrx_word' id='word_1_239' title='bbox 235 2900 287 2932; x_wconf 84' lang='lat' dir='ltr'>eum</span> <span class='ocrx_word' id='word_1_240' title='bbox 298 2887 325 2931; x_wconf 80' lang='lat' dir='ltr'>irs</span> <span class='ocrx_word' id='word_1_241' title='bbox 336 2886 447 2946; x_wconf 80' lang='lat' dir='ltr'>reliquiis</span> <span class='ocrx_word' id='word_1_242' title='bbox 457 2887 544 2933; x_wconf 81' lang='lat' dir='ltr'>ceteris</span> <span class='ocrx_word' id='word_1_243' title='bbox 556 2888 724 2947; x_wconf 67' lang='lat' dir='ltr'>negotiationis</span> <span class='ocrx_word' id='word_1_244' title='bbox 807 2891 832 2935; x_wconf 87' lang='grc'>8.</span> <span class='ocrx_word' id='word_1_245' title='bbox 850 2885 1003 2935; x_wconf 74' lang='lat' dir='ltr'>Rhodii...</span> <span class='ocrx_word' id='word_1_246' title='bbox 1021 2883 1152 2960; x_wconf 75' lang='lat' dir='ltr'>cognosces]</span> <span class='ocrx_word' id='word_1_247' title='bbox 1198 2883 1291 2934; x_wconf 85' lang='lat' dir='ltr'>‘From</span> <span class='ocrx_word' id='word_1_248' title='bbox 1307 2883 1352 2933; x_wconf 87' lang='lat' dir='ltr'>the</span> 
     </span>
     <span class='ocr_line' id='line_1_26' title="bbox 143 2949 1350 3013; baseline 0.002 -17"><span class='ocrx_word' id='word_1_249' title='bbox 143 2950 366 3010; x_wconf 77' lang='lat' dir='ltr'>rolliyenda&#39;siuaes.</span> <span class='ocrx_word' id='word_1_250' title='bbox 773 2950 864 3001; x_wconf 88' lang='lat' dir='ltr'>official</span> <span class='ocrx_word' id='word_1_251' title='bbox 887 2950 961 3000; x_wconf 84' lang='lat' dir='ltr'>letter</span> <span class='ocrx_word' id='word_1_252' title='bbox 984 2950 997 2999; x_wconf 93' lang='lat'><em>1</em></span> <span class='ocrx_word' id='word_1_253' title='bbox 1018 2966 1060 2998; x_wconf 90' lang='lat' dir='ltr'>am</span> <span class='ocrx_word' id='word_1_254' title='bbox 1082 2953 1196 3013; x_wconf 78' lang='lat' dir='ltr'>sending,</span> <span class='ocrx_word' id='word_1_255' title='bbox 1221 2963 1272 3013; x_wconf 87' lang='lat' dir='ltr'>you</span> <span class='ocrx_word' id='word_1_256' title='bbox 1298 2949 1350 2998; x_wconf 79' lang='lat' dir='ltr'>will</span> 
     </span>
     <span class='ocr_line' id='line_1_27' title="bbox 176 3011 1353 3130; baseline 0.003 -70"><span class='ocrx_word' id='word_1_257' title='bbox 176 3018 278 3126; x_wconf 59' lang='lat' dir='ltr'>ilpqpced</span> <span class='ocrx_word' id='word_1_258' title='bbox 328 3011 431 3101; x_wconf 53' lang='lat' dir='ltr'>5pcsset]</span> <span class='ocrx_word' id='word_1_259' title='bbox 466 3011 572 3062; x_wconf 76' lang='lat' dir='ltr'>‘sorbis</span> <span class='ocrx_word' id='word_1_260' title='bbox 580 3013 724 3078; x_wconf 85' lang='lat' dir='ltr'>srmytobe</span> <span class='ocrx_word' id='word_1_261' title='bbox 773 3016 931 3130; x_wconf 46' lang='grc' dir='ltr'>ιΙιὶιίἱιέἕίτίιιιιιιῗι</span> <span class='ocrx_word' id='word_1_262' title='bbox 944 3016 972 3063; x_wconf 89' lang='lat' dir='ltr'>in</span> <span class='ocrx_word' id='word_1_263' title='bbox 992 3014 1061 3128; x_wconf 51' lang='lat' dir='ltr'>sylbat</span> <span class='ocrx_word' id='word_1_264' title='bbox 1078 3015 1213 3130; x_wconf 59' lang='lat' dir='ltr'>athmprlrpd</span> <span class='ocrx_word' id='word_1_265' title='bbox 1232 3013 1353 3130; x_wconf 51' lang='lat' dir='ltr'>wayssp</span> 
     </span>
     <span class='ocr_line' id='line_1_28' title="bbox 299 3094 325 3126; baseline 0.038 -1"><span class='ocrx_word' id='word_1_266' title='bbox 299 3094 325 3126; x_wconf 90' lang='lat' dir='ltr'>n.</span> 
     </span>
     <span class='ocr_line' id='line_1_29' title="bbox 144 3093 1309 3207; baseline 0.005 -19"><span class='ocrx_word' id='word_1_267' title='bbox 144 3093 261 3207; x_wconf 52' lang='lat' dir='ltr'>enldglsel</span> <span class='ocrx_word' id='word_1_268' title='bbox 289 3094 348 3191; x_wconf 79' lang='lat' dir='ltr'>1The</span> <span class='ocrx_word' id='word_1_269' title='bbox 358 3145 448 3192; x_wconf 86' lang='lat' dir='ltr'>neuter</span> <span class='ocrx_word' id='word_1_270' title='bbox 458 3140 557 3206; x_wconf 88' lang='lat' dir='ltr'>though</span> <span class='ocrx_word' id='word_1_271' title='bbox 567 3140 724 3207; x_wconf 77' lang='lat' dir='ltr'>referriugtc</span> <span class='ocrx_word' id='word_1_272' title='bbox 773 3093 1309 3194; x_wconf 49' lang='lat' dir='ltr'>thatvaenindalbcflstllcnhavbncbbacnoobll</span> 
     </span>
     <span class='ocr_line' id='line_1_30' title="bbox 143 3205 1350 3275; baseline 0.002 -20"><span class='ocrx_word' id='word_1_273' title='bbox 143 3210 226 3255; x_wconf 78' lang='lat' dir='ltr'>elassis</span> <span class='ocrx_word' id='word_1_274' title='bbox 237 3208 287 3256; x_wconf 93' lang='lat' dir='ltr'>and</span> <span class='ocrx_word' id='word_1_275' title='bbox 302 3210 380 3267; x_wconf 78' lang='lat' dir='ltr'>navis,</span> <span class='ocrx_word' id='word_1_276' title='bbox 396 3223 436 3269; x_wconf 88' lang='lat' dir='ltr'>ep.</span> <span class='ocrx_word' id='word_1_277' title='bbox 453 3205 551 3272; x_wconf 74' lang='lat' dir='ltr'>Drsiger</span> <span class='ocrx_word' id='word_1_278' title='bbox 561 3207 602 3272; x_wconf 69' lang='lat' dir='ltr'>il</span> <span class='ocrx_word' id='word_1_279' title='bbox 618 3209 723 3257; x_wconf 82' lang='lat' dir='ltr'>ll2and</span> <span class='ocrx_word' id='word_1_280' title='bbox 806 3211 840 3259; x_wconf 81' lang='lat' dir='ltr'>Et</span> <span class='ocrx_word' id='word_1_281' title='bbox 852 3210 946 3271; x_wconf 64' lang='lat' dir='ltr'>quim</span> <span class='ocrx_word' id='word_1_282' title='bbox 964 3244 991 3258; x_wconf 92' lang='lat'>..</span> <span class='ocrx_word' id='word_1_283' title='bbox 1011 3245 1017 3258; x_wconf 95' lang='lat'>.</span> <span class='ocrx_word' id='word_1_284' title='bbox 1037 3209 1155 3275; x_wconf 76' lang='lat' dir='ltr'>amentia]</span> <span class='ocrx_word' id='word_1_285' title='bbox 1197 3209 1251 3258; x_wconf 83' lang='lat' dir='ltr'>The</span> <span class='ocrx_word' id='word_1_286' title='bbox 1270 3208 1350 3258; x_wconf 78' lang='lat' dir='ltr'>words</span> 
     </span>
     <span class='ocr_line' id='line_1_31' title="bbox 145 3271 1351 3335; baseline 0.002 -15"><span class='ocrx_word' id='word_1_287' title='bbox 145 3271 215 3321; x_wconf 84' lang='lat' dir='ltr'>Caes.</span> <span class='ocrx_word' id='word_1_288' title='bbox 229 3271 258 3320; x_wconf 89' lang='lat' dir='ltr'>B.</span> <span class='ocrx_word' id='word_1_289' title='bbox 272 3271 302 3321; x_wconf 89' lang='lat' dir='ltr'>G.</span> <span class='ocrx_word' id='word_1_290' title='bbox 317 3272 335 3320; x_wconf 91' lang='lat' dir='ltr'>i.</span> <span class='ocrx_word' id='word_1_291' title='bbox 350 3277 389 3330; x_wconf 72' lang='lat'>44,</span> <span class='ocrx_word' id='word_1_292' title='bbox 406 3275 429 3321; x_wconf 84' lang='grc'>0.</span> <span class='ocrx_word' id='word_1_293' title='bbox 773 3274 837 3323; x_wconf 82' lang='lat' dir='ltr'>from</span> <span class='ocrx_word' id='word_1_294' title='bbox 857 3289 928 3335; x_wconf 83' lang='lat' dir='ltr'>quam</span> <span class='ocrx_word' id='word_1_295' title='bbox 948 3289 974 3322; x_wconf 81' lang='lat' dir='ltr'>ro</span> <span class='ocrx_word' id='word_1_296' title='bbox 993 3288 1050 3322; x_wconf 80' lang='lat' dir='ltr'>esra</span> <span class='ocrx_word' id='word_1_297' title='bbox 1070 3310 1120 3324; x_wconf 91' lang='lat'>...</span> <span class='ocrx_word' id='word_1_298' title='bbox 1142 3276 1228 3335; x_wconf 72' lang='lat' dir='ltr'>scripsi</span> <span class='ocrx_word' id='word_1_299' title='bbox 1247 3289 1289 3323; x_wconf 90' lang='lat' dir='ltr'>are</span> <span class='ocrx_word' id='word_1_300' title='bbox 1305 3277 1351 3322; x_wconf 88' lang='lat' dir='ltr'>nct</span> 
     </span>
     <span class='ocr_line' id='line_1_32' title="bbox 176 3335 1349 3404; baseline 0.003 -21"><span class='ocrx_word' id='word_1_301' title='bbox 176 3335 495 3401; x_wconf 68' lang='lat' dir='ltr'>spesaanrsruatrataesset]</span> <span class='ocrx_word' id='word_1_302' title='bbox 529 3351 567 3399; x_wconf 90' lang='lat' dir='ltr'>cp.</span> <span class='ocrx_word' id='word_1_303' title='bbox 576 3335 633 3385; x_wconf 87' lang='lat' dir='ltr'>Ter.</span> <span class='ocrx_word' id='word_1_304' title='bbox 643 3336 721 3386; x_wconf 83' lang='lat' dir='ltr'>Andr.</span> <span class='ocrx_word' id='word_1_305' title='bbox 772 3338 853 3388; x_wconf 80' lang='lat' dir='ltr'>found</span> <span class='ocrx_word' id='word_1_306' title='bbox 863 3338 889 3386; x_wconf 91' lang='lat' dir='ltr'>in</span> <span class='ocrx_word' id='word_1_307' title='bbox 901 3338 944 3397; x_wconf 79' lang='lat' dir='ltr'>M;</span> <span class='ocrx_word' id='word_1_308' title='bbox 963 3338 1010 3388; x_wconf 90' lang='lat' dir='ltr'>but</span> <span class='ocrx_word' id='word_1_309' title='bbox 1020 3353 1047 3388; x_wconf 84' lang='lat' dir='ltr'>as</span> <span class='ocrx_word' id='word_1_310' title='bbox 1058 3339 1119 3404; x_wconf 86' lang='lat' dir='ltr'>they</span> <span class='ocrx_word' id='word_1_311' title='bbox 1125 3337 1250 3402; x_wconf 87' lang='lat' dir='ltr'>appearin</span> <span class='ocrx_word' id='word_1_312' title='bbox 1259 3337 1285 3386; x_wconf 91' lang='lat' dir='ltr'><strong>H</strong></span> <span class='ocrx_word' id='word_1_313' title='bbox 1295 3336 1349 3396; x_wconf 82' lang='lat' dir='ltr'>Pal,</span> 
     </span>
     <span class='ocr_line' id='line_1_33' title="bbox 142 3400 1350 3467; baseline 0.003 -19"><span class='ocrx_word' id='word_1_314' title='bbox 142 3401 172 3449; x_wconf 90' lang='lat' dir='ltr'>ii.</span> <span class='ocrx_word' id='word_1_315' title='bbox 186 3404 209 3461; x_wconf 85' lang='lat'>³,</span> <span class='ocrx_word' id='word_1_316' title='bbox 224 3404 271 3460; x_wconf 74' lang='lat'>373</span> <span class='ocrx_word' id='word_1_317' title='bbox 290 3400 397 3464; x_wconf 78' lang='lat' dir='ltr'>Adelph.</span> <span class='ocrx_word' id='word_1_318' title='bbox 410 3401 446 3449; x_wconf 85' lang='lat' dir='ltr'>iv.</span> <span class='ocrx_word' id='word_1_319' title='bbox 463 3404 550 3461; x_wconf 81' lang='lat'>4,13;</span> <span class='ocrx_word' id='word_1_320' title='bbox 577 3401 638 3450; x_wconf 85' lang='lat' dir='ltr'>Sall.</span> <span class='ocrx_word' id='word_1_321' title='bbox 659 3401 675 3451; x_wconf 87' lang='lat' dir='ltr'><strong>J</strong></span> <span class='ocrx_word' id='word_1_322' title='bbox 678 3417 720 3465; x_wconf 87' lang='lat' dir='ltr'>ug.</span> <span class='ocrx_word' id='word_1_323' title='bbox 772 3403 845 3452; x_wconf 86' lang='lat' dir='ltr'>make</span> <span class='ocrx_word' id='word_1_324' title='bbox 862 3403 985 3452; x_wconf 85' lang='lat' dir='ltr'>excellent</span> <span class='ocrx_word' id='word_1_325' title='bbox 1007 3418 1085 3465; x_wconf 87' lang='lat' dir='ltr'>sensa,</span> <span class='ocrx_word' id='word_1_326' title='bbox 1104 3406 1153 3453; x_wconf 86' lang='lat' dir='ltr'>arrd</span> <span class='ocrx_word' id='word_1_327' title='bbox 1172 3402 1254 3467; x_wconf 80' lang='lat' dir='ltr'>might</span> <span class='ocrx_word' id='word_1_328' title='bbox 1271 3402 1350 3466; x_wconf 82' lang='lat' dir='ltr'>easily</span> 
     </span>
     <span class='ocr_line' id='line_1_34' title="bbox 146 3464 1350 3531; baseline 0.002 -18"><span class='ocrx_word' id='word_1_329' title='bbox 146 3469 200 3525; x_wconf 91' lang='grc'>101,</span> <span class='ocrx_word' id='word_1_330' title='bbox 216 3467 238 3513; x_wconf 84' lang='grc'>3.</span> <span class='ocrx_word' id='word_1_331' title='bbox 275 3464 301 3513; x_wconf 84' lang='grc'>11</span> <span class='ocrx_word' id='word_1_332' title='bbox 311 3467 359 3515; x_wconf 89' lang='lat' dir='ltr'>isa</span> <span class='ocrx_word' id='word_1_333' title='bbox 374 3472 487 3527; x_wconf 86' lang='lat' dir='ltr'>stronger</span> <span class='ocrx_word' id='word_1_334' title='bbox 503 3466 644 3528; x_wconf 87' lang='lat' dir='ltr'>expression</span> <span class='ocrx_word' id='word_1_335' title='bbox 661 3465 723 3515; x_wconf 84' lang='lat' dir='ltr'>than</span> <span class='ocrx_word' id='word_1_336' title='bbox 773 3467 1209 3524; x_wconf 72' lang='lat' dir='ltr'>huveisllenout,exlsomoecteleato‚</span> <span class='ocrx_word' id='word_1_337' title='bbox 1220 3468 1350 3531; x_wconf 84' lang='lat' dir='ltr'>theyhave</span> 
     </span>
     <span class='ocr_line' id='line_1_35' title="bbox 143 3529 1350 3597; baseline 0.002 -19"><span class='ocrx_word' id='word_1_338' title='bbox 143 3545 195 3591; x_wconf 78' lang='lat' dir='ltr'>spes</span> <span class='ocrx_word' id='word_1_339' title='bbox 215 3545 250 3577; x_wconf 82' lang='lat' dir='ltr'>ms</span> <span class='ocrx_word' id='word_1_340' title='bbox 264 3530 339 3590; x_wconf 77' lang='lat' dir='ltr'>fallit</span> <span class='ocrx_word' id='word_1_341' title='bbox 356 3531 413 3586; x_wconf 86' lang='lat' dir='ltr'>and,</span> <span class='ocrx_word' id='word_1_342' title='bbox 428 3529 543 3592; x_wconf 85' lang='lat' dir='ltr'>perhaps,</span> <span class='ocrx_word' id='word_1_343' title='bbox 561 3545 577 3579; x_wconf 91' lang='lat' dir='ltr'>a</span> <span class='ocrx_word' id='word_1_344' title='bbox 592 3530 658 3579; x_wconf 89' lang='lat' dir='ltr'>little</span> <span class='ocrx_word' id='word_1_345' title='bbox 675 3530 723 3580; x_wconf 88' lang='lat' dir='ltr'>less</span> <span class='ocrx_word' id='word_1_346' title='bbox 773 3533 835 3581; x_wconf 87' lang='lat' dir='ltr'>been</span> <span class='ocrx_word' id='word_1_347' title='bbox 858 3533 1056 3597; x_wconf 82' lang='lat' dir='ltr'>unhesitatingly</span> <span class='ocrx_word' id='word_1_348' title='bbox 1078 3534 1183 3595; x_wconf 83' lang='lat' dir='ltr'>adopted</span> <span class='ocrx_word' id='word_1_349' title='bbox 1211 3533 1245 3597; x_wconf 91' lang='lat' dir='ltr'>by</span> <span class='ocrx_word' id='word_1_350' title='bbox 1264 3537 1350 3582; x_wconf 84' lang='lat' dir='ltr'>recent</span> 
     </span>
     <span class='ocr_line' id='line_1_36' title="bbox 142 3593 828 3657; baseline 0.001 -13"><span class='ocrx_word' id='word_1_351' title='bbox 142 3593 264 3657; x_wconf 88' lang='lat' dir='ltr'>polished.</span> <span class='ocrx_word' id='word_1_352' title='bbox 300 3593 359 3642; x_wconf 85' lang='lat' dir='ltr'>Itis</span> <span class='ocrx_word' id='word_1_353' title='bbox 371 3601 415 3642; x_wconf 88' lang='lat' dir='ltr'>not</span> <span class='ocrx_word' id='word_1_354' title='bbox 425 3595 506 3643; x_wconf 75' lang='lat' dir='ltr'>found</span> <span class='ocrx_word' id='word_1_355' title='bbox 516 3596 544 3643; x_wconf 91' lang='lat' dir='ltr'>in</span> <span class='ocrx_word' id='word_1_356' title='bbox 554 3595 598 3644; x_wconf 86' lang='lat' dir='ltr'>the</span> <span class='ocrx_word' id='word_1_357' title='bbox 613 3594 723 3644; x_wconf 87' lang='lat' dir='ltr'>orations</span> <span class='ocrx_word' id='word_1_358' title='bbox 773 3596 828 3646; x_wconf 84' lang='lat' dir='ltr'>edd.</span> 
     </span>
     <span class='ocr_line' id='line_1_37' title="bbox 143 3657 1350 3773; baseline 0.002 -66"><span class='ocrx_word' id='word_1_359' title='bbox 143 3659 171 3707; x_wconf 79' lang='lat' dir='ltr'>ol</span> <span class='ocrx_word' id='word_1_360' title='bbox 194 3657 288 3715; x_wconf 85' lang='lat' dir='ltr'>Cicero,</span> <span class='ocrx_word' id='word_1_361' title='bbox 311 3673 358 3707; x_wconf 89' lang='lat' dir='ltr'>nor</span> <span class='ocrx_word' id='word_1_362' title='bbox 384 3658 411 3706; x_wconf 90' lang='lat' dir='ltr'>in</span> <span class='ocrx_word' id='word_1_363' title='bbox 440 3658 530 3708; x_wconf 79' lang='lat' dir='ltr'>Caesar</span> <span class='ocrx_word' id='word_1_364' title='bbox 556 3674 602 3707; x_wconf 89' lang='lat' dir='ltr'>nor</span> <span class='ocrx_word' id='word_1_365' title='bbox 628 3659 721 3722; x_wconf 87' lang='lat' dir='ltr'>Nepos.</span> <span class='ocrx_word' id='word_1_366' title='bbox 804 3658 939 3773; x_wconf 51' lang='lat' dir='ltr'>srrcaercnfi]</span> <span class='ocrx_word' id='word_1_367' title='bbox 978 3658 1133 3721; x_wconf 74' lang='lat' dir='ltr'>Wesenberg</span> <span class='ocrx_word' id='word_1_368' title='bbox 1148 3660 1270 3709; x_wconf 88' lang='lat' dir='ltr'>addsthis</span> <span class='ocrx_word' id='word_1_369' title='bbox 1280 3660 1350 3710; x_wconf 79' lang='lat' dir='ltr'>word</span> 
     </span>
     <span class='ocr_line' id='line_1_38' title="bbox 144 3722 1349 3787; baseline 0.002 -15"><span class='ocrx_word' id='word_1_370' title='bbox 144 3725 317 3772; x_wconf 80' lang='lat' dir='ltr'>Fruetrcrcun</span> <span class='ocrx_word' id='word_1_371' title='bbox 330 3722 504 3772; x_wconf 86' lang='lat' dir='ltr'>beusedboth</span> <span class='ocrx_word' id='word_1_372' title='bbox 521 3739 547 3772; x_wconf 90' lang='lat' dir='ltr'>as</span> <span class='ocrx_word' id='word_1_373' title='bbox 565 3739 581 3772; x_wconf 86' lang='lat' dir='ltr'>a</span> <span class='ocrx_word' id='word_1_374' title='bbox 599 3724 724 3786; x_wconf 86' lang='lat' dir='ltr'>deponent</span> <span class='ocrx_word' id='word_1_375' title='bbox 772 3725 836 3774; x_wconf 83' lang='lat' dir='ltr'>from</span> <span class='ocrx_word' id='word_1_376' title='bbox 847 3741 879 3774; x_wconf 87' lang='lat' dir='ltr'>an</span> <span class='ocrx_word' id='word_1_377' title='bbox 891 3725 915 3773; x_wconf 91' lang='lat' dir='ltr'>ol</span> <span class='ocrx_word' id='word_1_378' title='bbox 943 3725 1097 3774; x_wconf 87' lang='lat' dir='ltr'>correction:</span> <span class='ocrx_word' id='word_1_379' title='bbox 1115 3724 1137 3773; x_wconf 82' lang='lat' dir='ltr'>it</span> <span class='ocrx_word' id='word_1_380' title='bbox 1147 3740 1249 3787; x_wconf 84' lang='lat' dir='ltr'>appears</span> <span class='ocrx_word' id='word_1_381' title='bbox 1262 3725 1289 3774; x_wconf 90' lang='lat' dir='ltr'>iu</span> <span class='ocrx_word' id='word_1_382' title='bbox 1304 3723 1349 3775; x_wconf 86' lang='lat' dir='ltr'>the</span> 
     </span>
     <span class='ocr_line' id='line_1_39' title="bbox 143 3786 1346 3854; baseline 0.002 -17"><span class='ocrx_word' id='word_1_383' title='bbox 143 3789 192 3837; x_wconf 87' lang='lat' dir='ltr'>and</span> <span class='ocrx_word' id='word_1_384' title='bbox 203 3786 303 3850; x_wconf 81' lang='lat' dir='ltr'>passive</span> <span class='ocrx_word' id='word_1_385' title='bbox 313 3788 374 3835; x_wconf 81' lang='lat' dir='ltr'>verb</span> <span class='ocrx_word' id='word_1_386' title='bbox 384 3803 390 3834; x_wconf 91' lang='lat'><strong>:</strong></span> <span class='ocrx_word' id='word_1_387' title='bbox 409 3804 449 3850; x_wconf 88' lang='lat' dir='ltr'>cp.</span> <span class='ocrx_word' id='word_1_388' title='bbox 462 3787 565 3845; x_wconf 79' lang='lat' dir='ltr'>thler,</span> <span class='ocrx_word' id='word_1_389' title='bbox 574 3804 600 3850; x_wconf 91' lang='lat' dir='ltr'>p.</span> <span class='ocrx_word' id='word_1_390' title='bbox 615 3792 654 3838; x_wconf 83' lang='grc'>88.</span> <span class='ocrx_word' id='word_1_391' title='bbox 773 3791 870 3853; x_wconf 79' lang='lat' dir='ltr'>margin</span> <span class='ocrx_word' id='word_1_392' title='bbox 881 3789 908 3838; x_wconf 79' lang='lat' dir='ltr'>oi</span> <span class='ocrx_word' id='word_1_393' title='bbox 917 3789 943 3837; x_wconf 87' lang='lat' dir='ltr'>M</span> <span class='ocrx_word' id='word_1_394' title='bbox 953 3789 1012 3854; x_wconf 83' lang='lat' dir='ltr'>bys</span> <span class='ocrx_word' id='word_1_395' title='bbox 1022 3790 1111 3838; x_wconf 90' lang='lat' dir='ltr'>second</span> <span class='ocrx_word' id='word_1_396' title='bbox 1122 3788 1198 3838; x_wconf 89' lang='lat' dir='ltr'>haud.</span> <span class='ocrx_word' id='word_1_397' title='bbox 1222 3789 1346 3852; x_wconf 86' lang='lat' dir='ltr'>Possibly,</span> 
     </span>
     <span class='ocr_line' id='line_1_40' title="bbox 175 3851 1347 3917; baseline 0.002 -16"><span class='ocrx_word' id='word_1_398' title='bbox 175 3854 334 3901; x_wconf 69' lang='lat' dir='ltr'>conscenderet</span> <span class='ocrx_word' id='word_1_399' title='bbox 352 3855 377 3899; x_wconf 79' lang='lat' dir='ltr'>in</span> <span class='ocrx_word' id='word_1_400' title='bbox 391 3851 474 3917; x_wconf 78' lang='lat' dir='ltr'>neces]</span> <span class='ocrx_word' id='word_1_401' title='bbox 498 3868 536 3915; x_wconf 88' lang='lat' dir='ltr'>cp.</span> <span class='ocrx_word' id='word_1_402' title='bbox 555 3855 612 3913; x_wconf 80' lang='grc'>881,</span> <span class='ocrx_word' id='word_1_403' title='bbox 632 3856 655 3911; x_wconf 81' lang='lat'>2,</span> <span class='ocrx_word' id='word_1_404' title='bbox 674 3853 721 3902; x_wconf 90' lang='lat' dir='ltr'>but</span> <span class='ocrx_word' id='word_1_405' title='bbox 771 3853 896 3915; x_wconf 80' lang='lat' dir='ltr'>however,</span> <span class='ocrx_word' id='word_1_406' title='bbox 908 3854 950 3903; x_wconf 88' lang='lat' dir='ltr'>the</span> <span class='ocrx_word' id='word_1_407' title='bbox 961 3853 1103 3916; x_wconf 81' lang='lat' dir='ltr'>corruption</span> <span class='ocrx_word' id='word_1_408' title='bbox 1120 3854 1166 3904; x_wconf 87' lang='lat' dir='ltr'>lies</span> <span class='ocrx_word' id='word_1_409' title='bbox 1181 3853 1208 3902; x_wconf 93' lang='lat' dir='ltr'>in</span> <span class='ocrx_word' id='word_1_410' title='bbox 1225 3869 1347 3916; x_wconf 67' lang='lat' dir='ltr'>unquam</span> 
     </span>
     <span class='ocr_line' id='line_1_41' title="bbox 142 3916 1346 3983; baseline 0.002 -18"><span class='ocrx_word' id='word_1_411' title='bbox 142 3933 212 3965; x_wconf 74' lang='lat' dir='ltr'>naves</span> <span class='ocrx_word' id='word_1_412' title='bbox 223 3919 390 3964; x_wconf 78' lang='lat' dir='ltr'>conscendisset</span> <span class='ocrx_word' id='word_1_413' title='bbox 402 3919 459 3977; x_wconf 78' lang='grc'>881,</span> <span class='ocrx_word' id='word_1_414' title='bbox 470 3920 493 3965; x_wconf 84' lang='grc'>3.</span> <span class='ocrx_word' id='word_1_415' title='bbox 528 3916 666 3981; x_wconf 73' lang='grc' dir='ltr'>Κό1Ιυι(ρ.</span> <span class='ocrx_word' id='word_1_416' title='bbox 679 3919 720 3981; x_wconf 79' lang='lat'>25)</span> <span class='ocrx_word' id='word_1_417' title='bbox 771 3919 821 3968; x_wconf 86' lang='lat' dir='ltr'>and</span> <span class='ocrx_word' id='word_1_418' title='bbox 832 3934 870 3968; x_wconf 81' lang='lat' dir='ltr'>we</span> <span class='ocrx_word' id='word_1_419' title='bbox 881 3918 969 3968; x_wconf 86' lang='lat' dir='ltr'>should</span> <span class='ocrx_word' id='word_1_420' title='bbox 981 3918 1043 3969; x_wconf 90' lang='lat' dir='ltr'>omit</span> <span class='ocrx_word' id='word_1_421' title='bbox 1053 3935 1089 3967; x_wconf 82' lang='lat' dir='ltr'>me</span> <span class='ocrx_word' id='word_1_422' title='bbox 1099 3921 1149 3969; x_wconf 90' lang='lat' dir='ltr'>and</span> <span class='ocrx_word' id='word_1_423' title='bbox 1164 3920 1222 3968; x_wconf 86' lang='lat' dir='ltr'>read</span> <span class='ocrx_word' id='word_1_424' title='bbox 1239 3926 1289 3968; x_wconf 80' lang='lat' dir='ltr'>tam</span> <span class='ocrx_word' id='word_1_425' title='bbox 1301 3919 1346 3983; x_wconf 90' lang='lat' dir='ltr'>(sc.</span> 
     </span>
     <span class='ocr_line' id='line_1_42' title="bbox 142 3979 1350 4049; baseline 0.002 -19"><span class='ocrx_word' id='word_1_426' title='bbox 142 3997 200 4046; x_wconf 83' lang='lat' dir='ltr'>says</span> <span class='ocrx_word' id='word_1_427' title='bbox 222 3979 277 4029; x_wconf 84' lang='lat' dir='ltr'>thet</span> <span class='ocrx_word' id='word_1_428' title='bbox 299 3980 321 4029; x_wconf 78' lang='lat' dir='ltr'>if</span> <span class='ocrx_word' id='word_1_429' title='bbox 343 3997 413 4028; x_wconf 78' lang='lat' dir='ltr'>naves</span> <span class='ocrx_word' id='word_1_430' title='bbox 436 3982 551 4044; x_wconf 82' lang='lat' dir='ltr'>precedes</span> <span class='ocrx_word' id='word_1_431' title='bbox 574 3984 722 4031; x_wconf 75' lang='lat' dir='ltr'>conscendere</span> <span class='ocrx_word' id='word_1_432' title='bbox 764 3983 883 4045; x_wconf 79' lang='lat' dir='ltr'>serendas</span> <span class='ocrx_word' id='word_1_433' title='bbox 904 3986 967 4033; x_wconf 75' lang='lat' dir='ltr'>miti</span> <span class='ocrx_word' id='word_1_434' title='bbox 995 4000 1043 4033; x_wconf 74' lang='lat' dir='ltr'>nce</span> <span class='ocrx_word' id='word_1_435' title='bbox 1072 3985 1149 4049; x_wconf 82' lang='lat' dir='ltr'>sunt),</span> <span class='ocrx_word' id='word_1_436' title='bbox 1174 4001 1245 4047; x_wconf 85' lang='lat' dir='ltr'>quam</span> <span class='ocrx_word' id='word_1_437' title='bbox 1272 3986 1350 4033; x_wconf 71' lang='lat' dir='ltr'>malm</span> 
     </span>
     <span class='ocr_line' id='line_1_43' title="bbox 140 4044 1348 4112; baseline 0.003 -18"><span class='ocrx_word' id='word_1_438' title='bbox 140 4044 317 4108; x_wconf 84' lang='lat' dir='ltr'>immediately,</span> <span class='ocrx_word' id='word_1_439' title='bbox 332 4062 360 4095; x_wconf 90' lang='lat' dir='ltr'>or</span> <span class='ocrx_word' id='word_1_440' title='bbox 377 4046 399 4094; x_wconf 87' lang='lat' dir='ltr'>ie</span> <span class='ocrx_word' id='word_1_441' title='bbox 421 4049 549 4109; x_wconf 82' lang='lat' dir='ltr'>separated</span> <span class='ocrx_word' id='word_1_442' title='bbox 568 4047 629 4112; x_wconf 91' lang='lat' dir='ltr'>only</span> <span class='ocrx_word' id='word_1_443' title='bbox 651 4047 686 4111; x_wconf 90' lang='lat' dir='ltr'>by</span> <span class='ocrx_word' id='word_1_444' title='bbox 706 4063 723 4096; x_wconf 86' lang='lat' dir='ltr'>a</span> <span class='ocrx_word' id='word_1_445' title='bbox 772 4051 883 4097; x_wconf 69' lang='lat' dir='ltr'>aninum:</span> <span class='ocrx_word' id='word_1_446' title='bbox 903 4065 917 4097; x_wconf 89' lang='lat' dir='ltr'>c</span> <span class='ocrx_word' id='word_1_447' title='bbox 937 4086 942 4098; x_wconf 93' lang='lat'>.</span> <span class='ocrx_word' id='word_1_448' title='bbox 963 4050 1002 4098; x_wconf 82' lang='lat' dir='ltr'>lor</span> <span class='ocrx_word' id='word_1_449' title='bbox 1019 4049 1071 4098; x_wconf 90' lang='lat' dir='ltr'>this</span> <span class='ocrx_word' id='word_1_450' title='bbox 1089 4065 1134 4099; x_wconf 88' lang='lat' dir='ltr'>use</span> <span class='ocrx_word' id='word_1_451' title='bbox 1157 4051 1186 4099; x_wconf 83' lang='lat' dir='ltr'>of</span> <span class='ocrx_word' id='word_1_452' title='bbox 1206 4056 1255 4098; x_wconf 79' lang='lat' dir='ltr'>tem</span> <span class='ocrx_word' id='word_1_453' title='bbox 1277 4064 1348 4112; x_wconf 78' lang='lat' dir='ltr'>quam</span> 
     </span>
     <span class='ocr_line' id='line_1_44' title="bbox 141 4066 1348 4178; baseline 0.004 -20"><span class='ocrx_word' id='word_1_454' title='bbox 141 4111 335 4169; x_wconf 78' lang='lat' dir='ltr'>kindredword,</span> <span class='ocrx_word' id='word_1_455' title='bbox 354 4111 396 4159; x_wconf 90' lang='lat' dir='ltr'>the</span> <span class='ocrx_word' id='word_1_456' title='bbox 412 4111 565 4173; x_wconf 77' lang='lat' dir='ltr'>proposition</span> <span class='ocrx_word' id='word_1_457' title='bbox 582 4111 605 4160; x_wconf 91' lang='lat' dir='ltr'>is</span> <span class='ocrx_word' id='word_1_458' title='bbox 621 4112 721 4176; x_wconf 87' lang='lat' dir='ltr'>usually</span> <span class='ocrx_word' id='word_1_459' title='bbox 772 4112 856 4163; x_wconf 82' lang='lat' dir='ltr'>Plaut.</span> <span class='ocrx_word' id='word_1_460' title='bbox 879 4066 937 4163; x_wconf 78' lang='lat' dir='ltr'>Mil.</span> <span class='ocrx_word' id='word_1_461' title='bbox 960 4113 996 4163; x_wconf 87' lang='lat' dir='ltr'>iv.</span> <span class='ocrx_word' id='word_1_462' title='bbox 1021 4115 1046 4176; x_wconf 83' lang='lat'>7,</span> <span class='ocrx_word' id='word_1_463' title='bbox 1068 4117 1117 4174; x_wconf 84' lang='lat'>26;</span> <span class='ocrx_word' id='word_1_464' title='bbox 1144 4122 1193 4163; x_wconf 80' lang='lat' dir='ltr'>tam</span> <span class='ocrx_word' id='word_1_465' title='bbox 1216 4130 1287 4178; x_wconf 80' lang='lat' dir='ltr'>quam</span> <span class='ocrx_word' id='word_1_466' title='bbox 1307 4115 1348 4163; x_wconf 74' lang='lat' dir='ltr'>hcc</span> 
     </span>
     <span class='ocr_line' id='line_1_45' title="bbox 142 4175 1350 4289; baseline 0.004 -65"><span class='ocrx_word' id='word_1_467' title='bbox 142 4175 261 4289; x_wconf 55' lang='lat' dir='ltr'>omipted:</span> <span class='ocrx_word' id='word_1_468' title='bbox 292 4175 423 4225; x_wconf 80' lang='lat' dir='ltr'>otherwise</span> <span class='ocrx_word' id='word_1_469' title='bbox 452 4176 494 4225; x_wconf 86' lang='lat' dir='ltr'>the</span> <span class='ocrx_word' id='word_1_470' title='bbox 521 4175 672 4240; x_wconf 85' lang='lat' dir='ltr'>preposition</span> <span class='ocrx_word' id='word_1_471' title='bbox 699 4177 722 4225; x_wconf 89' lang='lat' dir='ltr'>is</span> <span class='ocrx_word' id='word_1_472' title='bbox 772 4184 852 4226; x_wconf 74' lang='lat' dir='ltr'>uterer</span> <span class='ocrx_word' id='word_1_473' title='bbox 867 4200 888 4220; x_wconf 98' lang='lat'>=</span> <span class='ocrx_word' id='word_1_474' title='bbox 906 4186 954 4228; x_wconf 77' lang='lat' dir='ltr'>tam</span> <span class='ocrx_word' id='word_1_475' title='bbox 973 4181 1025 4243; x_wconf 81' lang='lat' dir='ltr'>(illc</span> <span class='ocrx_word' id='word_1_476' title='bbox 1041 4181 1205 4243; x_wconf 67' lang='lat' dir='ltr'>mactantem)</span> <span class='ocrx_word' id='word_1_477' title='bbox 1221 4196 1292 4243; x_wconf 80' lang='lat' dir='ltr'>quam</span> <span class='ocrx_word' id='word_1_478' title='bbox 1306 4179 1350 4229; x_wconf 72' lang='lat' dir='ltr'>too</span> 
     </span>
     <span class='ocr_line' id='line_1_46' title="bbox 143 4250 859 4292; baseline 0.006 -4"><span class='ocrx_word' id='word_1_479' title='bbox 143 4256 187 4288; x_wconf 87' lang='lat' dir='ltr'>use</span> <span class='ocrx_word' id='word_1_480' title='bbox 208 4276 214 4289; x_wconf 89' lang='lat'>.</span> <span class='ocrx_word' id='word_1_481' title='bbox 772 4250 859 4292; x_wconf 59' lang='lat' dir='ltr'>muer.</span> 
     </span>
     <span class='ocr_line' id='line_1_47' title="bbox 176 4303 1349 4374; baseline 0.006 -22"><span class='ocrx_word' id='word_1_482' title='bbox 176 4303 321 4369; x_wconf 76' lang='lat' dir='ltr'>latronibus]</span> <span class='ocrx_word' id='word_1_483' title='bbox 335 4304 449 4354; x_wconf 65' lang='lat' dir='ltr'>‘rebels&#39;</span> <span class='ocrx_word' id='word_1_484' title='bbox 805 4310 868 4357; x_wconf 83' lang='lat' dir='ltr'>ullas</span> <span class='ocrx_word' id='word_1_485' title='bbox 877 4310 996 4369; x_wconf 76' lang='lat' dir='ltr'>privatim</span> <span class='ocrx_word' id='word_1_486' title='bbox 1014 4310 1134 4374; x_wconf 77' lang='lat' dir='ltr'>iniuriae]</span> <span class='ocrx_word' id='word_1_487' title='bbox 1176 4308 1227 4360; x_wconf 83' lang='lat' dir='ltr'>For</span> <span class='ocrx_word' id='word_1_488' title='bbox 1243 4307 1349 4360; x_wconf 80' lang='lat' dir='ltr'>sdverbs</span> 
     </span>
     <span class='ocr_line' id='line_1_48' title="bbox 176 4368 1346 4440; baseline 0.005 -23"><span class='ocrx_word' id='word_1_489' title='bbox 176 4374 199 4417; x_wconf 81' lang='lat'>2.</span> <span class='ocrx_word' id='word_1_490' title='bbox 217 4369 398 4435; x_wconf 74' lang='lat' dir='ltr'>interpellatur]</span> <span class='ocrx_word' id='word_1_491' title='bbox 440 4368 615 4430; x_wconf 85' lang='lat' dir='ltr'>‘obstructed,&#39;</span> <span class='ocrx_word' id='word_1_492' title='bbox 649 4370 720 4422; x_wconf 75' lang='lat' dir='ltr'>‘him</span> <span class='ocrx_word' id='word_1_493' title='bbox 771 4375 834 4424; x_wconf 89' lang='lat' dir='ltr'>used</span> <span class='ocrx_word' id='word_1_494' title='bbox 851 4373 1013 4440; x_wconf 84' lang='lat' dir='ltr'>adjectively,</span> <span class='ocrx_word' id='word_1_495' title='bbox 1031 4390 1069 4438; x_wconf 87' lang='lat' dir='ltr'>cp.</span> <span class='ocrx_word' id='word_1_496' title='bbox 1091 4374 1193 4440; x_wconf 71' lang='lat' dir='ltr'>Robyt</span> <span class='ocrx_word' id='word_1_497' title='bbox 1215 4377 1287 4435; x_wconf 82' lang='lat'>1020,</span> <span class='ocrx_word' id='word_1_498' title='bbox 1313 4377 1346 4434; x_wconf 81' lang='lat'>6;</span> 
     </span>
     <span class='ocr_line' id='line_1_49' title="bbox 141 4434 958 4503; baseline 0.005 -21"><span class='ocrx_word' id='word_1_499' title='bbox 141 4434 249 4484; x_wconf 73' lang='lat' dir='ltr'>dered&#39;:</span> <span class='ocrx_word' id='word_1_500' title='bbox 270 4450 307 4497; x_wconf 89' lang='lat' dir='ltr'>cp.</span> <span class='ocrx_word' id='word_1_501' title='bbox 322 4438 379 4495; x_wconf 73' lang='lat'>854,</span> <span class='ocrx_word' id='word_1_502' title='bbox 395 4439 416 4482; x_wconf 93' lang='lat' dir='ltr'>l.</span> <span class='ocrx_word' id='word_1_503' title='bbox 772 4438 878 4503; x_wconf 69' lang='lat' dir='ltr'>Drigcr,</span> <span class='ocrx_word' id='word_1_504' title='bbox 891 4439 906 4500; x_wconf 84' lang='lat'>§</span> <span class='ocrx_word' id='word_1_505' title='bbox 917 4440 958 4491; x_wconf 86' lang='grc'>79.</span> 
     </span>
    </p>
   </div>
   <div class='ocr_carea' id='block_1_4' title="bbox 0 0 1516 5444">
    <p class='ocr_par' dir='ltr' id='par_1_4' title="bbox 0 0 1516 5444">
     <span class='ocr_line' id='line_1_50' title="bbox 0 0 1516 5444; baseline 0 1"><span class='ocrx_word' id='word_1_506' title='bbox 0 0 1516 5444; x_wconf 95' lang='lat' dir='ltr'> </span> 
     </span>
    </p>
   </div>
  </div>
 </body>
</html>
