3022 5444
396 364 733 432 ncccsrxrrrr.
762 362 886 447 (rara
909 361 997 427 rrr.
1020 360 1091 447 rt).
1284 362 1347 427 199

135 556 306 623 sustinere.
351 555 454 642 Spero
469 555 568 621 etiam
587 554 772 620 confectum
794 573 863 618 esse
884 550 951 616 iam
977 553 1011 618 et
1034 572 1224 637 oppressum
1247 545 1351 612 Dola-

139 658 270 726 bellam.
317 659 348 723 5.
373 659 497 730 Quare
515 680 582 723 non
605 660 685 744 puto
712 655 857 722 Pansam
884 659 917 722 et
942 653 1095 720 Hirtium
1119 654 1154 719 in
1181 651 1351 719 consulatu

138 765 368 847 properaturos
383 760 418 825 in
437 760 621 846 provincias
643 759 743 840 exire,
759 760 816 825 sed
838 758 964 824 Romae
986 762 1113 823 acturos
1135 755 1349 822 consulatum.

138 863 268 949 Itaque,
279 865 307 930 si
322 864 363 930 ab
378 864 419 929 iis
429 863 572 950 petieris,
586 850 623 928 ut
639 863 765 929 interea
776 860 868 928 nobis
879 860 1136 946 procurationem
1145 857 1246 924 Asiae
1261 858 1350 934 dent,

135 987 231 1052 spero
254 973 287 1032 te
307 988 399 1052 posse
421 967 607 1051 impetrare.
652 965 826 1031 Praeterea
847 964 929 1028 mihi
951 962 1168 1049 promiserunt
1190 961 1298 1026 Pansa
1318 962 1353 1024 et

139 1068 274 1135 Hirtius
289 1090 397 1135 coram
412 1075 444 1134 et
459 1067 587 1134 absenti
601 1067 684 1134 mihi
700 1067 897 1153 scripserunt
911 1065 1091 1149 Verrioque
1111 1067 1221 1129 nostro
1242 1062 1351 1128 Pansa

136 1171 326 1237 adfirmavit
342 1192 375 1236 se
399 1173 553 1237 daturum
576 1193 717 1258 operam,
733 1194 776 1236 ne
800 1170 835 1235 in
861 1190 919 1236 suo
944 1168 1114 1235 consulatu
1136 1165 1220 1232 mihi
1245 1185 1349 1230 succe·

136 1274 245 1339 datur.
292 1273 367 1359 Ego
382 1295 478 1359 porro
494 1294 560 1339 non
575 1296 628 1340 me
644 1274 717 1339 dius
731 1273 829 1340 fidius
838 1272 1015 1359 cupiditate
1023 1269 1208 1357 provinciae
1216 1267 1351 1355 produci

138 1377 269 1462 longius
289 1377 432 1462 spatium
454 1376 538 1442 mihi
560 1377 655 1443 volo:
679 1399 758 1442 nam
780 1376 862 1441 mihi
884 1375 950 1440 fuit
972 1375 1037 1439 ista
1061 1373 1228 1459 provincia
1252 1371 1351 1457 plena

139 1479 270 1559 laboris,
289 1479 436 1565 periculi,
464 1478 675 1546 detrimenti:
699 1501 782 1564 quae
804 1500 865 1566 ego
887 1500 928 1543 ne
950 1477 1072 1542 frustm
1098 1475 1252 1541 subierim
1275 1473 1351 1540 nive

138 1583 240 1667 prius,
258 1604 356 1667 quam
371 1583 526 1667 reliquias
541 1605 632 1649 meae
652 1583 844 1670 diligentiae
867 1602 1053 1667 consequar,
1069 1580 1220 1645 decedere
1242 1598 1350 1662 cogar,

137 1686 233 1751 valde
247 1685 370 1752 laboro.
417 1685 507 1752 Nam
527 1686 556 1752 si
575 1687 754 1773 potuissem
775 1707 874 1773 quam
895 1705 1067 1771 exegeram
1087 1682 1258 1768 pecuniam
1276 1681 1349 1746 uni·

138 1811 264 1855 versam
290 1790 429 1870 mittere,
457 1792 670 1874 postularem,
696 1794 736 1855 ut
759 1789 842 1855 mihi
868 1789 1110 1855 succederetur:
1138 1807 1236 1864 nunc,
1263 1783 1350 1868 quod

138 1889 250 1957 Cassio
266 1893 352 1972 dedi,
365 1893 453 1975 quod
467 1891 623 1959 Trebonii
637 1899 741 1959 morte
756 1893 932 1971 amisimus,
944 1891 1031 1977 quod
1045 1889 1145 1955 etiam
1160 1886 1350 1954 crudelitate

138 1992 329 2059 Dolabellae
344 1999 402 2060 aut
416 1995 553 2081 perfidia
567 2017 690 2077 eorum,
706 1995 763 2080 qui
778 1997 877 2062 fidem
894 1994 976 2060 mihi
990 1992 1101 2077 reique
1112 1990 1259 2078 publicae
1281 2010 1348 2056 non

137 2097 380 2181 praestiterunt,
395 2097 431 2162 id
450 2098 608 2184 consequi⁴
621 2104 654 2164 et
667 2099 798 2165 reficere
821 2099 915 2164 volo:
939 2098 1027 2184 quod
1041 2096 1138 2161 aliter
1157 2117 1223 2160 non
1243 2096 1349 2178 potest

138 2198 219 2279 fieri,
235 2198 299 2264 nisi
314 2199 457 2285 spatium
471 2200 625 2268 habuero.
670 2202 713 2267 Id
728 2206 765 2268 ut
780 2224 839 2287 per
849 2205 881 2266 te
890 2222 1075 2286 consequar,
1087 2197 1195 2278 velim
1207 2203 1245 2262 ut
1256 2196 1348 2276 solet,

137 2300 200 2367 tibi
226 2323 320 2367 curae
342 2302 395 2367 sit.
442 2304 472 2366 6.
496 2303 571 2389 Ego
594 2326 647 2371 me
668 2306 709 2370 de
730 2304 914 2391 republica
933 2306 1013 2389 puto
1034 2323 1101 2368 esse
1122 2301 1285 2379 meritum,
1309 2304 1347 2364 ut

138 2425 206 2470 non
225 2405 410 2489 provinciae
427 2405 521 2472 istius
543 2405 736 2473 beneficium
754 2410 940 2493 exspectare
958 2405 1105 2485 debeam,
1128 2404 1185 2469 sed
1204 2406 1346 2483 tantum,

138 2513 298 2593 quantum
325 2506 454 2573 Cassius
477 2513 511 2574 et
541 2509 649 2591 Bruti,
677 2533 744 2577 non
779 2511 884 2576 solum
914 2509 1003 2573 illius
1038 2506 1118 2571 facti
1147 2505 1345 2591 periculique

139 2609 301 2689 societate,
318 2611 374 2675 sed
390 2610 489 2676 etiam
504 2611 603 2678 huius
616 2612 771 2699 temporis
785 2612 893 2678 studio
905 2617 938 2676 et
949 2612 1077 2675 virtute.
1115 2608 1245 2674 Primus
1257 2611 1345 2675 onim

140 2734 203 2800 ego
218 2714 307 2798 leges
328 2713 491 2779 Antonias
513 2715 608 2802 fregi,
631 2718 757 2828 primus
780 2716 963 2801 equitatum
988 2711 1178 2778 Dolabellae
1203 2712 1246 2776 ad
1274 2732 1344 2778 rem

171 2958 332 3022 Dolabellam]
344 2958 553 3010 Lamb.hraclrets
560 2963 716 3023 Dolabellam,
769 2966 809 3023 41,
821 2961 859 3023 17,
871 2975 918 3009 aon
928 2960 1002 3008 aliter
1012 2959 1075 3007 solos'
1085 2959 1155 3005 eritis
1166 2959 1216 3005 nisi
1229 2994 1235 3007 .
1251 2994 1257 3008 .
1272 2994 1278 3008 .
1288 2975 1346 3021 pro·

139 3023 186 3073 but
204 3022 300 3072 Kbhler
320 3027 354 3085 (p.
376 3025 415 3087 13)
435 3024 522 3074 thinks
542 3026 563 3075 it
579 3027 669 3077 should
687 3029 719 3078 be
768 3027 895 3090 apertat:
914 3040 953 3088 cp.
972 3023 1024 3073 also
1041 3023 1052 3086 t
1071 3025 1101 3071 24
1119 3021 1146 3071 ct
1161 3021 1218 3072 that
1234 3022 1344 3088 chapter,

139 3086 250 3137 retained
262 3104 289 3136 as
300 3087 423 3138 Lentulus
434 3088 456 3137 is
473 3092 548 3153 given
567 3095 594 3140 to
611 3091 719 3157 harping
768 3093 817 3142 and
827 3090 886 3140 Lis.
895 3088 976 3138 xxxii.
986 3090 1026 3153 38,
1037 3093 1060 3146 3,
1069 3087 1161 3151 quoted
1171 3087 1206 3152 by
1218 3087 1343 3151 Schmalr,

136 3168 172 3202 on
192 3150 235 3201 the
257 3167 324 3202 same
347 3154 423 3211 word,
443 3154 576 3220 especially
593 3156 667 3206 when
686 3157 718 3207 hc
766 3155 853 3205 Antib.
865 3154 883 3203 i.
898 3156 953 3203 639.

138 3216 229 3266 wishes
240 3221 266 3266 to
278 3217 350 3266 make
360 3218 498 3279 thatwcrd,
509 3219 575 3269 ashe
584 3221 716 3284 doeshere,
800 3224 824 3269 6.
843 3222 896 3281 Ego
909 3253 931 3267 ..
943 3254 949 3266 .
963 3215 1066 3282 virtuto]
1081 3214 1345 3270 ‘Ithinkthatlhawe

139 3281 183 3330 the
195 3282 325 3332 dominaut
336 3285 404 3332 word
415 3282 442 3331 in
453 3283 496 3333 the
507 3290 630 3334 sentence.
767 3285 885 3334 deserved
901 3280 1051 3346 sufficiently
1064 3280 1119 3330 well
1132 3280 1159 3330 of
1175 3281 1217 3330 the
1233 3283 1345 3345 republio

171 3348 196 3395 b.
215 3363 280 3406 spem
299 3355 400 3408 tepesco
420 3349 562 3415 impetrare]
605 3350 635 3400 *Ι
653 3350 717 3414 hope
766 3355 793 3400 tc
808 3348 901 3412 justity
916 3363 958 3411 my
975 3346 1107 3411 expecting
1124 3350 1169 3394 nct
1190 3347 1284 3412 merely
1300 3348 1345 3399 the

137 3409 192 3459 that
212 3426 263 3475 you
285 3411 349 3461 haec
367 3413 410 3461 tha
427 3428 512 3474 power
529 3420 555 3463 tc
575 3413 634 3478 gain
653 3431 717 3480 your
766 3418 840 3478 grant
857 3414 885 3462 cf
893 3410 1087 3477 ⁸thisprhvince
1105 3426 1132 3459 aa
1151 3425 1166 3458 s
1183 3408 1281 3472 favour,
1300 3412 1346 3463 but

136 3475 255 3538 request,’
267 3482 312 3524 not
325 3476 395 3527 ‘that
406 3492 457 3540 you
468 3480 521 3527 scill
533 3479 562 3528 be
573 3479 647 3529 able!
766 3479 810 3529 tha
843 3478 939 3528 rantes
952 3484 980 3526 as
990 3475 1065 3526 much
1076 3489 1104 3524 as
1120 3474 1219 3524 Casama
1236 3477 1285 3525 and
1301 3477 1345 3529 the

150 3539 316 3614 sermoque]
350 3541 466 3606 Possibly
476 3545 520 3592 the
530 3544 633 3594 Verrius
643 3559 714 3594 man·
766 3548 818 3593 two
826 3495 903 3591 liniti
915 3541 980 3590 have
991 3539 1108 3590 obtained
1136 3537 1192 3603 [ie.
1205 3541 1343 3604 provinces,

136 3604 222 3652 troned
234 3619 260 3651 in
273 3604 343 3653 Fam.
362 3607 397 3654 ix.
416 3610 455 3665 20,
475 3611 489 3656 2
503 3609 570 3673 (475)
583 3624 611 3658 as
621 3625 638 3658 a
647 3625 715 3668 man,
765 3593 863 3666 armies,
873 3606 923 3656 and
933 3604 1063 3669 honoursJ,
1076 3618 1102 3653 as
1118 3603 1175 3652 well
1190 3619 1223 3652 cn
1238 3613 1345 3656 account

138 3683 186 3729 qua
197 3671 317 3716 munditia
327 3673 338 3718 l
354 3685 402 3732 quo
415 3674 548 3734 elegantia:
568 3689 607 3736 ep.
621 3675 658 3724 ix.
674 3677 714 3736 26,
766 3673 794 3722 cf
809 3688 853 3736 my
869 3673 942 3721 share
959 3670 987 3718 in
1002 3669 1058 3718 that
1076 3669 1215 3730 dangercus
1235 3668 1297 3718 daed
1315 3670 1344 3720 of

138 3736 150 3780 l
167 3733 223 3794 (479
238 3768 244 3780 .
765 3737 854 3800 during
866 3752 893 3785 as
904 3735 932 3785 of
942 3733 985 3783 tha
996 3733 1069 3795 spirit
1079 3734 1128 3782 and
1140 3730 1227 3780 valcur
1234 3733 1318 3783 which
1330 3735 1344 3784 l

171 3800 224 3845 ccicc
272 3796 305 3846 So
322 3797 359 3846 M.
394 3798 445 3848 For
460 3799 511 3850 this
526 3801 600 3862 form,
619 3801 716 3852 instead
764 3801 829 3850 have
845 3800 933 3849 shown
949 3805 975 3847 at
992 3798 1042 3846 this
1057 3794 1138 3846 tima'
1173 3795 1345 3860 Forthepsrt

136 3862 165 3909 cl
175 3876 239 3919 neoc,
252 3877 291 3924 cp.
304 3861 376 3912 Neue
386 3862 425 3912 11³.
439 3867 496 3913 969.
651 3865 673 3898 '·
690 3864 696 3872 ”
765 3865 889 3915 Lentulus
900 3862 960 3913 took
970 3877 1003 3910 on
1013 3861 1057 3910 ths
1068 3859 1181 3910 occasion
1192 3860 1219 3908 oi
1230 3860 1344 3914 Caesar's

171 3942 241 3986 qaam
256 3963 261 3974 .
277 3963 283 3974 .
299 3963 304 3974 .
320 3928 459 3994 consequar]
495 3930 593 3980 ‘before
608 3929 622 3979 1
640 3930 715 3981 flnish
765 3925 1116 3988 assassinationcp.1ntrcd.
1150 3925 1345 3977 altercaretur

137 3989 207 4039 what
218 3990 326 4039 remains
338 3991 367 4041 ot
377 4008 421 4056 my
433 4009 540 4044 ravenue
552 3995 641 4045 work!
766 4000 789 4042 et
800 3996 877 4043 Bruti
889 4008 927 4042 we
943 3997 1010 4040 must
1029 3991 1181 4039 understand
1202 3991 1345 4058 something

171 4055 198 4101 al
208 4059 314 4118 ccmeqm'
327 4062 349 4104 cl
363 4057 468 4123 reficere]
505 4062 548 4108 ‘to
564 4060 649 4109 obtain
666 4060 716 4110 and
765 4058 816 4109 like
827 4059 907 4119 adepti
918 4061 975 4105 auat
983 4054 1059 4104 taken
1069 4060 1114 4104 cut
1124 4054 1153 4104 cl
1161 4060 1302 4115 erspxlars.

134 4126 179 4180 get
190 4118 237 4167 in.’
274 4121 324 4169 For
344 4120 395 4170 this
417 4136 488 4172 sensa
509 4123 537 4172 of
559 4128 652 4187 reflare
675 4139 714 4188 cp.
799 4124 959 4172 Ilionae...
971 4118 1055 4194 fraqi]
1095 4118 1144 4168 We
1161 4120 1192 4167 dc
1207 4127 1253 4169 not
1268 4120 1344 4172 know

137 4182 226 4232 l'arad.
238 4187 280 4233 lo.
765 4192 792 4236 tc
809 4186 876 4236 what
895 4183 1019 4234 Lentulus
1042 4199 1064 4232 rs
1087 4183 1217 4246 alluding;
1239 4185 1344 4249 perhaps

161 4247 233 4324 ⁸m’si]
267 4248 367 4298 Ernesti
379 4250 427 4298 and
444 4249 540 4301 Kbhler
556 4252 590 4315 (p.
604 4252 644 4316 36)
657 4253 716 4302 read
765 4249 996 4301 hatreatedasnull
1004 4248 1345 4301 asreraloftheimmunitiss

138 4315 188 4387 cacat
211 4316 298 4388 (εἰ).
324 4313 365 4388 llo
382 4315 459 4365 doubt
476 4319 525 4364 atsi
542 4317 564 4365 is
578 4332 633 4365 rare
650 4316 716 4366 alter
766 4316 850 4366 which
865 4318 970 4379 Antony
981 4313 1035 4362 sold
1051 4318 1077 4362 tc
1092 4319 1167 4363 statas
1184 4315 1233 4361 and
1249 4313 1343 4365 indivi-

135 4378 220 4439 alotor,
233 4379 281 4428 but
291 4385 312 4428 rt
328 4393 350 4428 rs
366 4377 445 4429 found
455 4380 483 4430 in
496 4380 597 4444 Sallust,
612 4380 682 4432 Hist.
694 4381 713 4432 i.
766 4380 838 4432 duale
848 4381 875 4431 in
886 4380 963 4431 Asia:
983 4393 1022 4441 ep.
1036 4376 1094 4428 Dio.
1109 4378 1178 4428 Cass.
1190 4377 1254 4431 xliv.
1267 4381 1308 4440 63,
1318 4385 1343 4430 3.
