3022 5444
337 400 651 468 DOOOLXXXII.
678 400 802 482 (Fam
826 399 1162 484 X11.15‚§§1-o).
1295 402 1359 466 193

146 587 256 654 hostes
277 609 312 654 se
333 585 511 665 habituros,
533 607 614 671 quos
635 587 668 651 S.
681 584 719 651 P.
731 584 773 657 Q·
785 585 827 650 R.
883 585 977 658 Quae
999 608 1049 652 res
1070 607 1131 652 nos
1151 585 1359 653 vehementer

149 691 278 760 fefellit.
324 688 470 755 'lantum
490 689 578 754 enim
599 688 696 768 afuit,
711 691 750 754 ut
764 689 896 754 illorum
911 689 1070 775 praesidio
1090 694 1234 756 nostram
1249 691 1358 756 firma·

148 816 256 862 remus
281 793 425 871 classem,
452 796 489 856 ut
515 791 614 857 etiem
640 813 660 856 a
683 780 822 857 Rhodiis
848 791 938 871 urbe,
963 795 1071 876 portu,
1098 794 1247 870 statione,
1275 816 1358 880 quae

145 902 243 965 extre
267 896 381 962 urbem
408 899 466 973 est,
489 899 680 975 commeatu,
704 916 789 980 aqua
815 894 956 978 denique
982 893 1231 979 prohiberentur
1255 898 1359 965 nostri

149 1001 281 1080 milites,
296 1022 356 1064 nos
374 999 431 1063 vix
446 998 509 1083 ipsi
523 997 662 1082 singulis
682 1020 757 1063 cum
772 997 946 1083 navigiolis
965 998 1192 1082 reciperemur.
1226 999 1358 1075 †Quem

150 1103 382 1189 indignitatem
397 1100 718 1185 deminutionemque
733 1100 911 1166 maiestatis
931 1122 998 1165 non
1013 1099 1120 1165 solum
1141 1100 1222 1165 iuris
1243 1103 1357 1183 nostri,

150 1208 208 1274 sed
228 1206 326 1270 etiem
346 1203 476 1288 imperii
494 1203 672 1290 populique
688 1203 832 1269 Romani
854 1202 973 1268 idcirco
992 1201 1139 1280 tulimus,
1157 1203 1244 1288 quod
1259 1204 1360 1271 inter·

147 1309 252 1395 ceptis
281 1306 400 1372 litteris
429 1328 641 1392 cognoramus
665 1305 882 1386 Dolabellam,
914 1305 942 1369 si
971 1306 1169 1390 desperasset
1202 1307 1242 1371 de
1264 1306 1362 1391 Syria

151 1413 382 1497 Aegyptoque,
401 1412 489 1494 quod
509 1431 635 1474 necesse
658 1415 727 1474 erat
747 1409 827 1489 fieri,
845 1409 881 1475 in
902 1430 1002 1474 naves
1024 1430 1099 1474 cum
1120 1408 1272 1474 omnibus
1294 1410 1361 1476 suis

151 1511 333 1580 latronibus
351 1516 449 1596 atque
469 1512 558 1576 omni
573 1511 710 1597 pecunia
730 1513 941 1577 conscendere
963 1533 1030 1576 esse
1045 1515 1196 1596 paratum
1212 1510 1361 1578 Italiam·

148 1639 215 1703 que
236 1619 355 1701 petere,
378 1614 494 1680 idcirco
521 1614 621 1680 etiam
646 1636 745 1681 naves
771 1615 945 1695 onerarias,
970 1636 1108 1700 quarum
1134 1613 1242 1680 minor
1269 1616 1363 1682 nulla

151 1723 222 1786 erat
244 1720 346 1784 duum
367 1717 495 1782 milium
518 1717 721 1803 amphoram,
745 1722 925 1784 contrectas
948 1717 984 1783 in
999 1716 1105 1802 Lycia
1128 1738 1148 1782 a
1170 1718 1270 1783 alasse
1291 1718 1362 1785 eius

148 1820 300 1888 obsideri.
347 1820 378 1883 3.
402 1819 514 1885 Huius
534 1820 582 1886 rei
595 1821 723 1900 timore,
739 1825 847 1906 patres
862 1820 1044 1905 conscripti,
1060 1821 1203 1905 percitus
1224 1821 1363 1888 iniurias

151 1924 278 2012 perpeti
307 1927 340 1989 et
366 1944 439 1988 cum
469 1923 665 1989 contumelia
696 1924 795 1989 etiam
825 1929 936 1989 nostra
966 1923 1076 1988 omnia
1102 1924 1193 2007 prius
1222 1925 1364 2010 experiri

151 2028 265 2094 malui.
310 2026 429 2111 Itaque
447 2026 490 2090 ad
504 2025 636 2092 illorum
651 2028 853 2092 voluntatem
873 2025 1078 2092 introductus
1098 2025 1134 2090 in
1149 2025 1262 2093 urbem
1278 2031 1311 2093 et
1326 2028 1363 2093 in

151 2135 302 2196 senatum
318 2148 428 2193 eorum
444 2149 544 2213 quam
559 2128 807 2214 diligentissime
825 2127 919 2212 potui
933 2149 1062 2192 eausam
1078 2127 1289 2213 reipublicae
1309 2129 1365 2216 egi

153 2231 395 2317 periculumque
416 2251 520 2310 omne,
536 2231 625 2314 quod
639 2231 787 2309 instaret,
805 2232 832 2295 si
852 2231 909 2296 ille
926 2231 1011 2296 latro
1032 2251 1106 2296 cum
1126 2232 1193 2295 suis
1212 2231 1364 2299 omnibus

154 2356 252 2400 naves
274 2332 518 2412 conscendisset,
538 2332 681 2418 exposui.
727 2332 874 2399 Rhodios
896 2337 1005 2398 autem
1027 2335 1122 2397 tante
1143 2332 1179 2397 in
1202 2333 1364 2418 pravitate

153 2436 380 2516 animadverti,
402 2438 441 2500 ut
466 2457 578 2501 omnes
603 2436 760 2503 firmiores
782 2439 937 2524 putarent
959 2456 1058 2522 quam
1080 2433 1191 2516 bonos,
1214 2439 1253 2502 ut
1279 2436 1364 2504 hanc

152 2540 358 2610 concordiam
373 2542 406 2604 et
420 2538 691 2623 conspirationem
711 2540 857 2605 omnium
880 2539 1032 2604 ordinum
1054 2539 1097 2603 ad
1122 2538 1362 2606 defendendam

187 2730 302 2798 statione]
338 2729 500 2779 ‘readstecd'
780 2731 992 2795 Kohler,pp.15,
1011 2733 1050 2779 16.

187 2799 356 2859 tradiynttatcm
369 2831 376 2843 .
391 2831 398 2843 .
412 2793 575 2860 ‚maustcttq
598 2793 647 2845 We
656 2794 730 2846 thinlr
813 2803 946 2845 contractae
1005 2794 1141 2844 ‘collected
1178 2793 1294 2857 together
1332 2795 1360 2846 in
1420 2846 1423 2851 ,

152 2862 210 2912 that
221 2860 331 2926 possibly
342 2866 439 2907 senatus
448 2859 558 2923 (written
571 2859 604 2922 c.)
616 2876 644 2909 or
655 2861 730 2909 vestri
780 2859 878 2925 Lycia)
914 2859 953 2910 Do
980 2859 1045 2910 bella
1055 2874 1158 2923 appears
1168 2866 1195 2908 to
1206 2859 1271 2908 have
1282 2859 1358 2910 taken

155 2943 212 2990 may
222 2927 285 2974 herc
296 2925 404 2986 dropped
415 2923 533 2973 outefter
544 2927 650 2985 imperit,
671 2925 728 2973 ‘in·
779 2926 848 2975 them
864 2926 900 2989 by
910 2925 979 2975 force
995 2925 1062 2975 from
1080 2923 1122 2973 the
1142 2922 1298 2975 merchants:
1317 2940 1357 2988 cp.

154 2991 207 3039 snlt
214 2990 263 3039 and
274 2989 351 3051 slight
361 2994 388 3036 to
396 2987 439 3036 the
450 2989 565 3052 majesty,
576 2993 621 3037 not
631 2988 692 3054 only
703 2988 731 3038 oi
782 2990 793 3054 t
807 2992 831 3039 6.

154 3070 198 3119 my
203 3053 317 3116 position,
324 3052 370 3101 but
377 3052 428 3101 also
435 3052 462 3100 of
468 3054 511 3101 tlre
517 3052 646 3117 authority
653 3055 681 3102 ot
687 3053 730 3102 the
813 3052 927 3119 obsideri]
962 3059 1044 3103 ‘were
1056 3051 1131 3115 being
1143 3052 1275 3102 watched.'

152 3126 239 3169 senate
255 3116 529 3179 sndRcmunpeople.’
554 3116 729 3168 Ifthisseems
814 3121 838 3168 3.
853 3117 982 3232 ,ocrcttuqq¹
1008 3117 1183 3167 awordotten
1199 3116 1260 3165 used
1276 3115 1358 3168 inthe

153 3190 195 3233 too
207 3183 272 3244 bold,
286 3197 324 3232 we
339 3197 408 3245 may,
420 3182 533 3244 perhaps,
547 3181 610 3231 with
620 3181 728 3240 Ernesti,
780 3182 910 3233 Comedies
927 3183 956 3246 (P
983 3188 1019 3231 nt.
1035 3181 1128 3244 Amph.
1144 3182 1173 3230 ii.
1189 3185 1211 3243 2,
1231 3182 1279 3242 eo,
1298 3180 1356 3232 (las.

155 3263 260 3311 suppose
268 3247 372 3295 thatthe
379 3245 484 3295 orderof
493 3246 729 3296 wcrdshasbeccme
780 3248 818 3297 iii.
835 3249 858 3308 6,
878 3248 921 3310 3);
939 3248 992 3296 also
1006 3245 1035 3295 in
1045 3246 1102 3295 Liv.
1116 3245 1150 3295 ri.
1166 3248 1205 3307 38,
1224 3248 1248 3306 8,
1265 3247 1359 3310 quoted

155 3312 281 3373 confused,
295 3312 344 3360 and
362 3312 421 3359 read
438 3311 666 3373 deminutionemque
682 3326 729 3359 non
781 3312 814 3377 by
833 3311 935 3372 Kohler,
958 3328 981 3374 p.
1005 3314 1044 3360 33.
1087 3310 1132 3360 Dr.
1156 3309 1220 3359 Reid
1239 3312 1288 3359 and
1306 3311 1356 3361 Mr.

153 3380 229 3425 solum
251 3379 315 3424 turis
334 3377 419 3435 nostrl,
444 3376 485 3422 scd
504 3378 577 3423 ctiam
596 3378 730 3424 malestatis
782 3376 857 3426 Clark
872 3375 956 3425 refuso
971 3380 999 3425 to
1014 3375 1073 3425 read
1087 3374 1110 3424 it
1124 3375 1152 3424 in
1170 3374 1223 3424 cic.
1242 3374 1355 3426 111163.

153 3441 543 3564 1060010633ιί
559 3454 588 3489 ⁰¹
607 3439 657 3489 ⁰¹⁸⁹
667 3439 731 3489 „rsa
781 3439 1358 3568 ltublutttlltsthtall

187 3570 260 3616 duum
285 3570 381 3614 scillam
412 3566 565 3631 amplorum]
609 3567 661 3616 For
688 3567 731 3616 the
781 3570 866 3618 drama
892 3569 941 3617 and
962 3567 990 3617 in
1013 3568 1074 3618 Sall.
1097 3567 1164 3628 niv,
1188 3568 1234 3616 but
1260 3574 1305 3616 not
1330 3568 1360 3618 in

152 3633 330 3691 construction,
357 3646 395 3692 cp.
415 3630 486 3679 (lass.
506 3631 535 3680 B.
557 3631 589 3681 G.
610 3630 627 3681 i.
647 3633 686 3694 33,
705 3634 729 3682 6.
781 3632 875 3690 Cicero,
897 3633 994 3694 Caesar,
1018 3632 1110 3694 Nepos,
1132 3631 1182 3681 Ver
1201 3630 1226 3692 ',
1248 3630 1355 3694 Horace,

156 3698 268 3757 Spatium
288 3696 350 3755 quod
375 3701 411 3742 cst
435 3710 482 3742 non
510 3698 616 3756 amplius
641 3698 730 3757 pedam
781 3698 831 3746 and
849 3712 926 3760 many
945 3695 1017 3746 other
1035 3696 1139 3745 writers.
1206 3695 1263 3743 here
1283 3693 1305 3744 is
1324 3711 1359 3746 an

153 3766 322 3810 scxcmtoram.
356 3759 396 3806 An
408 3758 729 3820 amphoraheldaboutb·7
780 3761 894 3824 example
913 3761 940 3809 in
958 3760 1021 3810 Bell.
1040 3761 1094 3808 Asr.
1115 3763 1154 3816 lo,
1176 3760 1216 3807 ira
1231 3761 1355 3818 perettus:

154 3825 266 3889 gellone:
285 3824 386 3872 avessel
395 3824 423 3871 of
434 3827 498 3872 2000
510 3827 638 3885 amphorae
647 3825 730 3874 would
780 3842 819 3889 cp.
831 3825 906 3875 Lucr.
918 3828 942 3884 3,
956 3827 1011 3884 303,
1025 3825 1132 3884 trassax
1143 3823 1239 3871 subdita
1246 3823 1356 3882 por-cit.”

154 3889 185 3938 be
196 3887 397 3952 equaltooneol
406 3888 482 3936 about
490 3891 521 3936 60
529 3897 595 3938 tons.
629 3889 663 3938 ln
671 3888 728 3939 Liv.
812 3887 1102 3953 omrstoprs'uscrpsrirs']
1138 3890 1180 3937 ‘to
1196 3886 1268 3936 male
1283 3903 1359 3954 every

154 3954 206 4002 xxi.
220 3957 259 4013 63,
275 3957 297 4011 3,
312 3967 350 4000 we
362 3952 413 4000 aleo
424 3952 477 4001 find
488 3953 531 4002 the
547 3959 656 4017 tonnage
672 3953 700 4004 ot
715 3971 731 4003 a
780 3953 854 4004 effert
864 3960 890 4002 to
901 3959 1006 4015 prevent
1015 3951 1086 4002 this!

153 4018 210 4080 ship
233 4017 365 4078 expressed
385 4015 413 4064 in
434 4023 510 4066 terme
537 4017 565 4066 oi
591 4020 729 4079 amphoras.
814 4014 1120 4082 adtllormneolantatcm]
1155 4014 1361 4070 ‘inacccrdnnee

154 4082 209 4131 The
219 4081 330 4145 genitive
341 4081 362 4129 is
376 4082 524 4143 contractad,
539 4098 566 4131 as
582 4082 604 4132 is
620 4083 692 4133 muel
703 4083 731 4132 in
781 4081 844 4133 with
855 4081 922 4131 their
932 4081 1016 4131 sich!

152 4145 465 4208 describingthetonnaga
482 4144 510 4194 oi
525 4162 541 4194 e
556 4146 621 4209 ship,
634 4148 731 4211 though
814 4162 886 4196 noces
896 4148 1062 4195 comoediam
1104 4160 1143 4208 cp.
1156 4149 1319 4208 noletoddil,
1335 4151 1359 4198 1.

152 4210 294 4260 sometimes
307 4209 351 4259 the
366 4211 542 4259 uneontracted
553 4211 618 4260 torm
635 4211 657 4261 is
672 4212 733 4262 used
815 4217 886 4260 tanta
903 4213 929 4259 tn
940 4213 1066 4272 pravitate
1121 4213 1203 4260 ‘were
1222 4227 1250 4260 so
1266 4217 1366 4278 utterly

167 4290 214 4338 eg.
227 4274 286 4338 Dig.
302 4279 340 4334 14,
352 4277 422 4335 2,10,
434 4275 469 4337 2).
490 4274 543 4325 The
554 4277 732 4326 nncontracted
781 4275 914 4340 perverse!
950 4275 1003 4325 ΤΙιιι
1015 4278 1041 4324 tn
1054 4274 1077 4324 ie
1092 4274 1205 4335 curions3
1224 4275 1362 4327 Lambinus

167 4355 219 4388 orm
238 4339 260 4387 is
278 4339 372 4402 always
392 4339 468 4388 found
479 4339 553 4389 when
570 4341 614 4390 the
625 4341 694 4390 word
710 4340 733 4390 is
783 4343 857 4391 omits
872 4340 901 4391 it.
935 4339 1045 4403 Perhaps
1058 4355 1096 4389 we
1112 4340 1202 4389 should
1216 4342 1275 4391 read
1290 4348 1361 4391 tants

153 4405 216 4454 used
234 4404 263 4452 et
281 4421 297 4454 a
321 4405 384 4454 fluit
408 4418 529 4466 messura,
551 4404 685 4470 according
706 4411 733 4456 to
784 4406 944 4470 improbitate,
959 4411 1002 4470 yet
1013 4420 1051 4469 cp.
1066 4406 1123 4467 333,
1137 4407 1162 4455 3.

219 4500 279 4537 ron.
291 4499 328 4536 rr.
1216 4477 1238 4530 0
