3022 5444
378 429 676 497 FRAGMENTA
701 430 1056 498 EPISTOLARUM.
1252 430 1319 495 309

167 619 192 666 2.
211 616 292 673 Quam
308 615 403 667 flebiles
420 632 492 667 voces
508 616 624 680 exprimit
641 616 746 682 (Cicero)
757 617 784 667 in
801 617 906 682 quadam
923 617 954 667 ad
965 615 1058 666 Axium
1069 615 1233 681 epistolaiam
1245 612 1313 665 ricto

117 703 187 761 patre
198 696 322 761 Pompeio,
335 698 414 749 adhuc
425 698 477 749 filio
488 699 515 748 in
527 698 650 763 Hispania
660 699 740 750 fracta
750 715 817 748 arma
828 698 964 748 refovente.

185 801 274 872 Quid
298 825 394 887 egam
419 803 549 888 (inquit)
576 803 638 880 hio,
661 803 814 889 quaeris?
848 824 955 867 moror
978 801 1013 866 in
1034 799 1217 867 Tusculano
1243 819 1318 866 meo

118 904 290 971 semiliber.
339 904 474 990 (Seneca
488 907 528 971 de
543 906 630 972 brev.
647 907 704 972 vit.
721 929 747 972 a.
765 907 810 990 5.)

516 1114 623 1181 ΧΠΙ.
668 1115 725 1182 An
747 1115 923 1182 Cancrum.

170 1260 238 1323 Plus,
251 1263 316 1314 sicut
332 1263 360 1314 in
375 1264 507 1330 plerisque,
522 1264 610 1331 [quae]
628 1265 727 1316 maioris
743 1266 809 1315 modi
825 1265 887 1331 [est]
906 1280 979 1329 quam
996 1261 1160 1314 necessarium
1175 1264 1227 1320 est;
1244 1264 1321 1324 atque

118 1342 173 1392 ideo
184 1343 222 1393 M.
236 1344 335 1395 Tullius
347 1344 452 1412 [maius]
464 1347 580 1397 discrevit
591 1347 694 1411 epistola
705 1349 736 1397 ad
748 1346 881 1398 Catonem:

184 1445 255 1513 Nee
270 1449 388 1515 ideirco
403 1449 484 1515 mihi
500 1452 708 1516 deserendam
723 1472 789 1516 esse
805 1449 998 1536 dignitatem
1012 1468 1129 1526 meam,
1145 1443 1231 1530 quod
1246 1464 1318 1509 eam

119 1550 216 1615 multi
232 1550 467 1636 impugnarint,
484 1555 539 1619 sed
555 1577 592 1619 eo
607 1555 712 1640 magis
729 1554 941 1631 recolendam,
957 1552 1043 1637 quod
1057 1550 1164 1637 plures
1179 1547 1318 1615 desider·

117 1653 213 1719 erint.
259 1654 401 1739 (Nonius
415 1677 446 1742 p.
463 1658 528 1721 438
543 1658 603 1742 sq.)

489 1861 589 1930 XIV.
633 1861 691 1928 An
713 1861 947 1929 Canusinus«.

170 2017 193 2062 1.
211 2013 294 2064 Etiam
312 2014 376 2065 illud
396 2016 486 2080 (potest
505 2017 571 2066 inter
587 2016 693 2066 ridicula
711 2016 854 2081 numerari),
874 2016 942 2081 quod
964 2014 1048 2065 Cicero
1068 2011 1201 2064 Caerelliae
1216 2008 1315 2074 scripsit

117 2094 364 2160 reddensrationem,
378 2112 422 2145 cur
432 2097 477 2147 illa
488 2097 516 2147 C.
527 2096 638 2148 Caesaris
648 2103 759 2163 tempora
774 2104 824 2148 tam
835 2097 957 2162 patienter
966 2096 1094 2146 toleraret:

183 2200 278 2267 Haeo
292 2208 349 2268 aut
365 2203 473 2269 animo
494 2204 626 2270 Catonis
641 2205 776 2271 ferenda
793 2211 870 2271 sunt
884 2210 942 2271 aut
956 2202 1117 2270 Ciceronis
1130 2197 1293 2268 stomacho
1305 2220 1316 2278 ς

167 2330 314 2381 Stomachus
325 2333 392 2382 enim
403 2331 445 2383 ille
456 2332 532 2383 habet
542 2332 638 2399 aliquid
648 2332 702 2385 ioco
713 2334 802 2384 simile.
837 2333 1017 2399 (Quintilianus
1027 2332 1062 2383 vi.
1076 2334 1101 2393 3,
1114 2331 1181 2392 112.)

166 2429 190 2473 2.
210 2426 370 2477 Meminerint
380 2427 472 2478 eruditi
489 2427 516 2477 in
532 2429 670 2493 praeceptis
687 2427 812 2480 Ciceronis
831 2434 917 2479 extare
935 2426 1100 2488 severitatem,
1117 2424 1143 2475 in
1154 2421 1267 2488 epistulis
1282 2421 1314 2471 ad

116 2504 263 2648 ggssprqllqam
275 2508 375 2559 subesse
386 2509 559 2572 petulantiam.
595 2510 731 2575 (Ausonius
745 2511 773 2561 in
791 2510 910 2561 Centenis
926 2507 1161 2573 nuptialisepilogo,
1173 2523 1200 2570 p.
1212 2505 1259 2555 218
1270 2503 1309 2554 ed.

511 2757 591 2826 XV.
635 2757 692 2825 Au
714 2758 921 2826 Hosrmrurr.

166 2891 274 2956 Requies
285 2892 426 2943 accusativo
439 2910 488 2943 non
499 2894 562 2944 iacit
578 2896 723 2960 requietem,
735 2896 779 2945 sed
790 2894 908 2960 requiem,
922 2894 1036 2961 quamvis
1051 2893 1136 2944 Cicero
1151 2890 1316 2958 requietem

116 2971 208 3023 dixerit
218 2974 250 3022 ad
260 2972 407 3023 Hostilium.
442 2973 579 3040 (Charisius
590 2992 615 3041 p.
629 2978 659 3026 85
670 2982 696 3027 οι
709 2981 764 3040 111,
774 2976 803 3027 P.
819 2981 840 3041 1,
852 2994 877 3041 p.
893 2980 948 3037 110,
963 2979 974 3026 l
987 2982 1013 3026 et
1025 2978 1079 3037 142,
1092 2976 1106 3027 7
1118 2973 1162 3038 Κ.)

117 3156 171 3207 The
188 3158 242 3207 first
258 3157 422 3209 Catilinarian
437 3159 589 3225 conspiracy,
602 3159 629 3210 in
645 3163 692 3211 688
742 3177 787 3211 use
806 3161 846 3210 his
865 3162 928 3225 good
949 3160 1030 3211 offices
1047 3166 1074 3210 ιο
1094 3174 1178 3210 secure
1196 3156 1314 3208 Ciceros

117 3223 179 3286 (⁶⁶l·
741 3226 862 3289 triumph,
874 3227 923 3276 and
940 3226 999 3276 thus
1011 3225 1095 3289 tirmly
1104 3223 1263 3274 re·estabh'sh
1275 3222 1314 3271 his

151 3289 174 3336 2.
188 3287 296 3353 Arium]
315 3287 348 3338 So
359 3287 473 3352 Lipsius;
488 3289 587 3340 thensas
595 3291 652 3353 give
661 3293 694 3340 ad
741 3291 849 3356 dignity.

117 3353 219 3400 Aetium
230 3353 279 3402 and
290 3355 322 3401 ad
332 3354 452 3402 Atticum.
479 3354 562 3405 Haase
572 3354 692 3406 readsthe
775 3372 832 3406 x1v.
848 3360 871 3406 1.
892 3355 1039 3468 Caerelltaq)
1058 3353 1158 3405 scevol.
1170 3352 1203 3402 iv.
1216 3351 1317 3416 plui.

117 3415 205 3466 latter:
225 3433 263 3480 cp.
277 3424 335 3467 note
346 3424 371 3468 to
382 3418 410 3467 ii.
423 3419 509 3470 above.
774 3421 903 3486 stomacho]
938 3420 1024 3469 ‘irrita
1040 3419 1098 3483 ility
1107 3418 1124 3468 ἰ
1143 3433 1182 3482 cp.
1195 3419 1248 3466 Au.
1260 3415 1314 3466 xiv.

150 3482 279 3547 semiliber]
314 3498 351 3545 cp.
374 3485 427 3533 Att.
447 3484 500 3534 xiii.
521 3487 560 3545 31,
579 3487 592 3533 3
613 3484 691 3548 (607),
742 3486 1140 3549 21,3(728),stomcchoremma.

117 3545 217 3595 written
229 3547 305 3596 about
316 3547 358 3597 the
369 3564 435 3597 same
447 3552 514 3610 time,
530 3549 557 3598 in
570 3551 616 3602 709
630 3551 690 3612 (45),
776 3553 800 3599 2.
819 3552 910 3599 subesse
928 3548 1102 3614 petulantiam]
1138 3546 1224 3597 ‘there
1250 3546 1272 3595 is
1299 3562 1315 3595 a

120 3611 215 3659 Obsecro
233 3613 361 3661 obiciemus
372 3616 419 3661 ieta
431 3620 453 3660 et
464 3615 592 3662 semiliberi
601 3616 693 3674 {sauma
742 3615 844 3679 lurlring
860 3615 1039 3665 wantonness.'

117 3677 201 3735 aimus,
219 3679 282 3739 qued
297 3679 452 3739 adaequemur
467 3687 491 3727 ct
506 3681 601 3727 tacende
616 3687 639 3728 et
655 3681 691 3727 lu·
775 3695 820 3729 xv.
838 3683 870 3728 ad
886 3681 1019 3728 Hostilium
1065 3677 1113 3727 We
1129 3677 1161 3727 do
1178 3682 1223 3725 not
1240 3674 1316 3724 hrov

119 3741 193 3789 ‘tm
743 3742 1014 3809 anythingaboutthis
1053 3742 1159 3792 catilius.
1188 3739 1316 3804 hiartyni·

150 3819 211 3854 xrrr.
227 3804 298 3871 plus]
332 3805 360 3855 It
376 3822 414 3855 we
430 3807 492 3858 omit
506 3807 550 3857 the
568 3809 647 3857 words
663 3807 692 3858 in
742 3808 846 3872 Lagona
864 3809 951 3858 thinks
967 3808 1023 3856 that
1041 3823 1078 3857 ve
1095 3806 1184 3856 should
1200 3807 1259 3854 read
1283 3807 1316 3854 ad

117 3869 238 3929 brackets,
250 3871 311 3919 with
325 3871 355 3919 L.
364 3871 464 3930 Miller,
475 3872 614 3922 atolerable
622 3889 692 3923 sense
742 3877 873 3932 Metellum,
892 3874 941 3923 and
956 3874 1021 3921 refer
1037 3873 1058 3922 it
1073 3877 1100 3921 to
1117 3872 1188 3920 Fam.
1200 3886 1225 3919 r.
1242 3872 1279 3927 14,
1300 3872 1311 3917 1

118 3951 163 3984 can
176 3934 206 3984 be
217 3934 337 3998 imported
350 3936 404 3986 into
418 3936 469 3986 this
483 3937 615 4000 fragment.
650 3938 692 3987 He
744 3939 916 4001 (hem-Fam.
929 3954 954 3987 v.
964 3937 1039 4001 being
1049 3936 1128 3986 called
1139 3937 1171 3983 ad
1180 3936 1312 3994 Metellum,

117 4014 235 4061 supposes
246 4002 324 4048 mmm
334 4016 402 4050 arose
417 4001 481 4051 irem
496 4001 656 4067 dittography
666 4003 696 4052 ot'
741 4004 846 4052 because
863 4002 906 4052 the
925 4003 978 4051 first
995 4002 1068 4051 letter
1089 4000 1116 4049 of
1136 4000 1192 4050 that
1210 3999 1274 4049 hook
1291 3997 1313 4046 is

116 4067 217 4112 Merrae
230 4066 266 4127 (so
278 4064 378 4128 lugd),
392 4081 420 4114 or
431 4068 467 4114 M.
484 4069 585 4116 Tulliae.
741 4069 872 4118 addressed
882 4075 908 4116 to
921 4066 1054 4116 Metellus:
1073 4081 1112 4127 cp.
1124 4070 1182 4114 note
1192 4069 1219 4113 to
1233 4063 1312 4126 Frag-

149 4130 309 4194 deserendam]
345 4130 689 4195 bonsemannus,
742 4139 811 4182 ment
821 4149 846 4181 v.
861 4136 884 4190 2,
895 4132 1019 4181 above-a
1030 4131 1102 4180 letter
1112 4129 1177 4178 from
1191 4127 1315 4178 Lucceius

117 4192 157 4242 for
168 4195 347 4242 desiderandum
358 4194 384 4243 oi
395 4195 437 4245 the
449 4209 504 4245 uss.
741 4204 767 4247 to
783 4197 882 4257 Cicero;
900 4197 947 4246 but
956 4196 1026 4246 there
1037 4194 1063 4245 M
1076 4195 1120 4244 has
1130 4197 1255 4256 requiram,
1265 4192 1313 4242 ΗΡ

149 4257 233 4324 multi]
276 4259 398 4309 Therses
421 4259 616 4324 givemultusm
644 4261 692 4311 but
743 4265 857 4324 requiem.
875 4261 967 4322 Cicero,
986 4261 1108 4323 however,
1122 4260 1190 4309 ouen
1207 4272 1262 4307 uses
1277 4274 1314 4306 rs·

117 4325 188 4371 multi
199 4323 276 4373 forms
287 4340 302 4372 a
313 4325 393 4374 better
403 4324 505 4375 balance
516 4333 542 4374 to
550 4329 640 4387 pilares.
743 4330 852 4389 quietem,
866 4326 905 4375 De
917 4327 974 4375 Sen.
988 4327 1027 4385 52,
1046 4325 1104 4375 Fin.
1122 4339 1147 4374 v.
1160 4327 1199 4382 64,
1212 4324 1272 4387 Lag.
1284 4321 1312 4371 ii.

149 4390 292 4437 recolendam
325 4390 489 4439 ‘recovered’
519 4389 691 4455 Possiblythis
743 4395 767 4449 2,
780 4395 827 4449 29;
845 4394 948 4453 requiete
959 4391 998 4440 De
1009 4390 1067 4441 Div.
1078 4389 1097 4440 i.
1111 4392 1141 4440 22
1155 4391 1258 4452 (verse):
1272 4404 1311 4450 cp.

116 4451 273 4518 fragmentis
328 4471 351 4503 m
368 4471 384 4505 a
399 4454 573 4520 letterasking
587 4456 649 4506 Cato
664 4461 690 4506 ιο
741 4455 813 4507 Neue
823 4456 852 4506 i².
866 4457 921 4506 568.
