3022 5444
433 391 668 463 ccoooxu.
696 391 848 476 (saur.
871 394 903 460 Ι.
927 397 998 479 re).
1245 379 1318 458 'acc

115 582 188 649 ris?
211 581 244 647 4.
261 578 468 667 Quamquam
477 585 511 647 et
520 582 618 660 hunc,
629 581 668 646 ut
678 602 781 668 spero,
793 581 909 648 tenebo
919 582 1032 649 multis
1041 577 1316 668 repugnantibus:

115 685 248 751 videtur
270 684 358 749 enirn
380 707 447 749 esse
472 689 505 749 iu
527 707 559 749 eo
581 683 719 768 indoles,
744 685 799 750 sed
819 684 972 751 flexibilis
990 689 1078 751 aetas
1095 683 1255 769 multique
1277 682 1319 748 ad

113 788 360 874 depravandum
383 786 500 873 parati,
525 786 582 872 qui
611 787 780 875 splendore
810 788 886 855 falsi
910 787 1042 854 honoris
1067 787 1191 855 obiecto
1216 786 1318 853 aciem

114 891 194 958 boni
208 890 334 976 ingenii
356 890 553 976 praestringi
574 912 667 976 posse
689 891 865 957 confidunt.
910 890 1028 977 Itaque
1045 891 1087 958 ad
1106 891 1248 977 reliquos
1265 888 1319 954 hic

115 1016 243 1081 quoque
272 992 365 1060 labor
393 993 477 1059 mihi
506 995 647 1075 umescit,
676 999 715 1060 ut
744 1017 855 1061 omnes
885 994 1056 1061 adhibeam
1085 993 1250 1061 machinas
1276 992 1319 1058 ad

114 1099 294 1165 tenendum
320 1098 564 1172 adolescentem,
589 1119 631 1164 ne
654 1097 778 1164 famam
804 1097 937 1165 subeam
961 1098 1173 1165 temeritatis:
1204 1118 1317 1183 quam-

115 1224 214 1288 quam
229 1222 312 1286 quae
333 1200 499 1267 temeritas
521 1200 596 1268 est?
638 1200 749 1288 Magis
768 1201 856 1268 enim
870 1203 975 1283 illum,
990 1224 1049 1289 pro
1069 1224 1133 1288 quo
1147 1198 1316 1289 spopondi,

114 1327 215 1392 quam
229 1327 281 1370 me
297 1304 404 1390 ipsum
419 1304 573 1390 obligavi,
588 1327 648 1371 nec
661 1327 737 1372 vero
759 1305 922 1392 paenitere
945 1310 1051 1393 potest
1070 1328 1138 1372 rem
1153 1303 1318 1392 publicam

115 1431 168 1474 me
177 1430 236 1495 pro
251 1430 289 1474 eo
304 1408 524 1494 spopondisse,
535 1407 592 1495 qui
607 1407 672 1474 fuit
682 1409 719 1474 in
732 1408 828 1474 rebus
843 1410 998 1495 gerundis
1012 1432 1086 1475 cum
1101 1430 1159 1474 suo
1172 1405 1318 1492 ingenio,

114 1515 188 1578 tum
214 1534 287 1577 mea
309 1511 520 1598 promissione
541 1510 749 1578 constantior.
795 1513 826 1577 5.
849 1511 1015 1579 Maximus
1036 1517 1156 1593 autem,
1179 1511 1318 1576 nisime

114 1615 200 1681 forte
216 1614 314 1693 tellit,
330 1616 365 1680 in
385 1638 420 1681 re
442 1614 573 1701 publica
595 1615 700 1681 nodus
714 1620 764 1681 est
777 1615 889 1703 inopia
903 1616 951 1683 rei
967 1616 1190 1705 pecuniariae:
1214 1613 1318 1680 obdu·

115 1724 246 1785 rescunt
266 1719 354 1785 enim
377 1719 484 1806 magis
502 1719 648 1805 quotidie
668 1718 746 1785 boni
761 1719 823 1785 viri
845 1720 888 1786 ad
902 1742 1013 1787 vocem
1032 1718 1159 1799 tributi,
1175 1718 1263 1806 quod
1277 1736 1320 1781 ex

113 1822 290 1888 centesima
304 1822 459 1888 collatum
472 1821 657 1909 impudenti
672 1844 769 1888 censu
787 1821 999 1908 locupletium
1012 1824 1049 1889 in
1064 1825 1202 1889 duarum
1217 1816 1317 1904 legio·

114 1948 195 1992 num
209 1926 362 2011 praemiis
377 1947 472 1991 omne
487 1926 701 2006 consumitur3
717 1925 907 2009 impendent
918 1931 1028 1993 autem
1039 1926 1162 1992 infiniti
1170 1927 1319 2011 sumptus

113 2051 189 2095 cum
203 2029 239 2093 in
253 2029 312 2093 hos
328 2028 496 2108 exercitus,
512 2027 630 2114 quibus
649 2051 737 2094 nunc
754 2029 971 2111 defendimur,
988 2034 1060 2097 tum
1075 2051 1150 2096 vero
1173 2029 1209 2095 in
1223 2032 1319 2094 tuum

116 2153 238 2197 -nam
265 2131 393 2196 Cassius
424 2135 536 2197 noster
555 2131 684 2198 videtur
705 2153 796 2219 posse
818 2132 897 2199 satie
926 2138 1059 2199 ornatus
1081 2133 1201 2199 venire.
1255 2129 1320 2195 Sed

114 2235 243 2301 ethaeo
264 2239 297 2300 et
320 2234 425 2299 multa
447 2234 513 2300 aha
530 2257 638 2301 coram
659 2235 764 2321 cupio,
782 2235 881 2321 idque
900 2258 999 2322 quam
1013 2236 1166 2322 primum.
1213 2235 1242 2298 6.
1267 2231 1319 2297 De

116 2337 234 2403 sororis
254 2341 330 2403 tuae
354 2337 431 2402 filiis
453 2359 520 2402 uon
541 2338 735 2424 exspectavi,
755 2336 870 2420 Brute,
893 2341 973 2405 dum
992 2339 1162 2406 scriberes:
1186 2336 1320 2403 omnino

116 2439 188 2526 ipsa
203 2439 517 2526 tempora-bellum
538 2441 625 2506 enirn
646 2443 987 2530 ducetur-integram
1001 2442 1063 2508 tibi
1077 2463 1206 2507 causam
1220 2461 1321 2506 reser-

115 2549 214 2623 vant3
237 2545 294 2609 sed
309 2565 370 2629 ego
393 2566 413 2608 a
430 2543 601 2631 principio,
617 2566 691 2611 curn
706 2544 853 2613 divinare
868 2548 909 2612 de
929 2546 1007 2613 belli
1022 2544 1238 2612 diuturnitate
1252 2563 1321 2609 non

148 2779 173 2824 4.
192 2773 293 2840 indoles]
329 2773 466 2824 ‘hescems
479 2773 692 2824 schavechcrac-
776 2777 840 2839 quod
864 2790 893 2826 sa·
918 2779 1044 2825 centesima
1069 2810 1129 2825 ...
1154 2776 1304 2836 locupletium

115 2841 173 2891 ter)
207 2839 288 2889 There
304 2837 325 2887 is
342 2854 375 2888 nc
389 2840 451 2889 need
464 2844 491 2889 to
506 2838 692 2904 addauadjec·
744 2838 1286 2903 InDioccss.1lvi.31,s,thcuxcsetav

116 2905 178 2966 tivo,
191 2903 291 2954 suchas
308 2903 374 2962 bona,
387 2905 562 2965 orpracclars:
583 2908 694 2967 epacte
743 2910 770 2956 to
790 2905 855 2955 have
876 2906 939 2955 becn
959 2904 1040 2955 raised
1058 2910 1085 2954 at
1105 2903 1157 2954 this
1174 2903 1236 2953 time
1252 2917 1319 2954 were

116 2975 144 3020 to
164 2968 462 3032 Att.x.12t,7(398);
482 2967 692 3018 Plaut.Rud.ii.
743 2969 946 3033 sacuam
963 2976 1015 3029 tax,
1036 2970 1085 3020 and
1104 2967 1136 3029 2}
1152 2973 1269 3018 sesterces
1284 2983 1319 3018 ou

117 3037 143 3096 4,
159 3038 198 3096 10,
211 3049 270 3095 quae
282 3034 371 3082 indoles
387 3035 414 3081 tn
429 3035 509 3090 sauic;
526 3032 584 3083 Liv.
596 3032 616 3082 i.
629 3036 654 3094 3,
669 3035 691 3095 l,
743 3034 805 3085 each
816 3037 903 3096 apula.
929 3035 1020 3099 owing
1032 3040 1060 3084 to
1070 3033 1113 3084 the
1124 3032 1270 3083 fraudulent
1279 3049 1319 3083 re·

118 3105 187 3147 tanta
203 3099 292 3146 indoles
308 3099 336 3146 in
352 3098 459 3146 Lavinia
471 3104 532 3147 orat.
564 3096 613 3148 We
629 3097 694 3148 have
743 3106 815 3149 turns
836 3099 864 3149 oi
881 3099 977 3149 income
998 3100 1069 3149 made
1087 3098 1122 3162 by
1138 3098 1181 3148 the
1196 3097 1259 3159 rich,
1275 3097 1319 3148 the

116 3164 196 3214 added
207 3166 233 3211 s'n
244 3178 277 3219 ec,
291 3162 352 3211 with
364 3162 406 3211 the
417 3162 459 3212 cld
469 3162 568 3212 editors.
743 3168 846 3214 amount
861 3165 890 3214 of
903 3179 992 3228 money
1003 3164 1083 3214 raised
1098 3163 1200 3213 sufficed
1215 3161 1276 3227 only
1292 3166 1319 3212 to

150 3228 289 3277 actsmbcm'
302 3225 406 3292 teremit]
443 3227 502 3278 ‘the
517 3228 692 3290 keenpersep·
743 3245 793 3293 pay
804 3228 847 3278 the
857 3230 964 3278 rewards
974 3228 1096 3292 promised
1111 3234 1137 3278 to
1151 3233 1202 3279 two
1212 3226 1317 3291 legions.

117 3291 336 3356 ticuofhisloyal
347 3291 454 3342 nature)
743 3293 847 3356 Madvig
856 3293 1011 3358 putealong
1021 3300 1076 3357 stop
1087 3292 1152 3343 aiter
1164 3292 1259 3353 tributi,
1269 3291 1319 3342 and

150 3356 286 3422 machinas]
321 3373 366 3419 cp.
379 3356 463 3406 Plaut.
482 3355 540 3407 Mil.
560 3355 599 3406 ιιι.
622 3358 647 3415 2,
669 3357 692 3415 1,
742 3358 852 3421 supplies
868 3365 903 3407 est
919 3357 984 3407 aiter
999 3360 1130 3407 collatum:
1146 3357 1178 3406 he
1193 3356 1246 3406 also
1257 3371 1317 3420 sug·

118 3423 449 3485 qaantcsmcoecmaclsincs.
744 3429 811 3486 gesta
832 3439 943 3471 consensu
961 3422 1095 3472 fortensis.
1129 3421 1209 3471 These
1226 3421 1318 3471 altera-

146 3489 348 3548 paenitere...
370 3484 607 3551 resnpabltacmms]
640 3482 695 3534 The
744 3488 810 3537 tiens
831 3488 941 3550 imprcve
960 3487 1004 3537 the
1020 3502 1131 3551 passage,
1152 3485 1199 3535 but
1217 3501 1259 3535 are
1275 3489 1321 3536 not

117 3551 257 3601 accusative
268 3550 318 3599 aud
327 3550 452 3601 infinitivo
467 3551 533 3601 aiter
540 3548 695 3612 pacnttcrsis
744 3552 883 3616 absolutely
894 3552 1016 3616 required.

118 3631 180 3665 rare.
218 3615 263 3664 We
285 3617 317 3664 dc
343 3620 388 3664 not
408 3616 483 3665 know
505 3616 533 3665 οι
554 3630 604 3679 any
623 3613 696 3663 other
777 3620 801 3666 6.
820 3612 1273 3727 nonssspeetavt...dumerridercpp
1293 3613 1321 3664 It

118 3678 371 3742 exampleinOieero,
380 3685 468 3744 except
480 3679 543 3731 dest.
555 3682 594 3740 et,
604 3678 696 3744 quoted
745 3681 828 3730 would
844 3696 936 3744 appear
952 3681 1006 3729 that
1023 3679 1108 3730 Cicero
1125 3678 1252 3741 discharge
1284 3677 1321 3729 all

117 3745 153 3809 by
165 3745 261 3808 Meyer,
273 3744 330 3792 who
346 3744 427 3809 justly
438 3761 496 3808 says
509 3745 574 3821 'that'
580 3744 602 3794 it
616 3745 639 3795 is
651 3747 696 3793 not
744 3744 926 3820 hisvindictive
933 3743 1042 3819 ieelings
1051 3743 1147 3807 against
1152 3745 1196 3792 the
1207 3742 1319 3792 children

117 3808 589 3938 ”ttttttttrttttttl
599 3826 695 3924 'thou
744 3805 1319 3946 tistittttttttuttctltt

118 3939 173 3989 tc':
192 3955 231 4001 op.
250 3937 696 4001 Att.xffi.2,1(oou),catamaa
744 3940 804 3988 took
825 3955 949 3989 messuras
975 3945 1002 3988 to
1029 3953 1117 3988 ansure
1138 3937 1204 3986 their
1224 3936 1318 4000 salety,

118 4006 167 4052 istc
189 4005 354 4063 obduratmus;
380 4002 451 4052 Fam.
470 4003 498 4052 ii.
520 4006 558 4064 16,
581 4006 592 4052 1
615 4004 693 4068 (394).
743 4003 871 4067 bnowiug,
889 4003 959 4053 cehe
975 4003 1025 4065 did,
1038 4002 1095 4052 how
1111 4001 1200 4067 deeply
1216 4000 1322 4051 anxious

119 4070 268 4116 obduruisset
295 4070 391 4117 animus
412 4071 445 4117 ad
471 4070 572 4117 dolorem
598 4084 693 4119 ssorum.
744 4068 810 4117 their
827 4068 908 4130 uncle,
926 4067 1028 4128 Brutus,
1039 4066 1123 4117 would
1139 4067 1170 4117 be
1185 4065 1241 4116 that
1257 4065 1319 4141 they

119 4133 172 4181 But
192 4132 244 4182 this
265 4133 406 4195 expression
427 4132 449 4181 is
467 4133 602 4183 somewbut
619 4133 695 4184 harsh
744 4131 833 4182 should
852 4138 897 4183 not
917 4132 995 4182 suffer
1016 4133 1057 4182 tor
1073 4131 1117 4183 the
1135 4131 1187 4182 sins
1209 4130 1236 4180 oi
1254 4129 1321 4181 theu

119 4197 182 4246 with
198 4200 231 4246 ad
245 4213 336 4256 rocem
355 4213 382 4247 so
393 4196 449 4247 that
463 4214 502 4247 wc
517 4198 565 4248 leel
582 4199 694 4264 strongly
743 4197 835 4248 father.

118 4262 228 4312 inclined
244 4269 271 4312 to
290 4263 349 4311 read
367 4262 430 4311 with
452 4261 590 4324 Manutius,
614 4266 694 4313 obsur-
777 4265 897 4326 integram
913 4263 959 4311 tids'
976 4277 1072 4311 causam
1090 4268 1212 4310 runcant
1260 4259 1321 4310 ‘the

119 4328 223 4389 ducunt,
247 4342 263 4376 a
286 4326 350 4391 good
372 4326 517 4377 Ciceronian
544 4327 629 4378 word:
653 4345 693 4392 ep.
744 4343 807 4392 vary
818 4342 904 4377 course
914 4326 942 4377 of
954 4331 1040 4378 events
1052 4329 1073 4377 is
1083 4326 1191 4416 keeping
1236 4339 1322 4376 ecass

119 4390 188 4442 lael.
201 4394 241 4441 88.
744 4408 809 4457 open
818 4391 859 4444 ior
874 4392 1016 4444 settlcment
1031 4393 1064 4457 by
1075 4407 1126 4456 you
1146 4408 1153 4441 :
1172 4407 1211 4456 op.
1225 4392 1281 4452 893,
1296 4392 1320 4440 6.
