3044 5002
146 383 211 449 soe
407 380 704 447 senonenses
729 351 1087 450 missnensem.

196 571 220 618 2.
239 566 315 618 Peius
326 566 404 618 cludit
415 565 473 616 flnis
483 565 629 629 hexametri,
643 570 674 616 ut
684 565 777 618 Brutus
788 567 816 617 in
826 568 952 634 epistolis:

213 670 330 757 Neque
349 670 400 736 illi
419 670 549 736 molunt
572 669 689 736 habere
708 675 832 738 tutores
855 677 912 738 aut
934 672 1128 752 defensores,
1155 688 1371 759 quamquem

147 776 254 842 sciunt
273 775 429 861 placuisse
445 774 570 840 (latoni.
620 774 858 860 (Quintilianus
872 776 916 840 ix.
933 778 965 852 4,
982 777 1048 861 75.)

197 931 222 978 3.
240 927 333 978 Brutus
345 928 375 977 de
386 927 510 978 dictatura
521 927 567 977 Gn.
580 927 708 992 Pompeii:

216 1048 367 1115 Praestat
389 1047 478 1114 enim
501 1047 625 1114 nemini
647 1049 804 1133 imperare
819 1072 916 1136 quam
937 1050 1034 1116 alicui
1049 1051 1186 1129 servire;
1211 1049 1287 1116 sine
1305 1047 1368 1114 illo

149 1153 238 1219 enim
261 1152 368 1218 vivere
394 1150 528 1217 honeste
553 1151 639 1233 licet,
665 1174 738 1218 oum
763 1153 823 1219 hoc
848 1153 978 1219 vivendi
1003 1152 1095 1219 nulla
1120 1153 1271 1220 condicio
1302 1155 1366 1218 est.

150 1255 387 1343 (Quintilianus
401 1255 445 1320 ix.
463 1257 494 1336 3,
510 1254 576 1340 95.)

491 1485 537 1552 X.
583 1486 640 1552 An
661 1487 708 1552 M.
730 1487 959 1554 F1a1umL1s.
981 1489 1011 1555 Ι.

201 1647 266 1697 Sunt
276 1647 397 1712 quaedem
407 1645 491 1708 verbe,
500 1661 571 1710 quse,
585 1645 698 1709 quemvis
706 1646 808 1696 eandem
819 1646 1024 1712 significationem
1035 1653 1142 1710 cenent,
1151 1649 1266 1700 diversae
1273 1654 1368 1698 tamem

151 1734 210 1781 sunt
221 1727 403 1792 coniugationis
413 1727 441 1777 in
451 1743 508 1791 usu,
518 1731 548 1777 ut
558 1727 653 1778 excello
665 1727 766 1780 excellis
779 1733 805 1780 et
817 1729 925 1780 excelleo
936 1729 1050 1781 excelles.
1085 1729 1172 1782 Cicero
1181 1730 1210 1781 in
1222 1730 1247 1781 1.
1260 1730 1366 1794 episto·

149 1810 231 1862 lerum
242 1809 274 1860 ad
284 1810 379 1860 fllium:

217 1939 344 2011 Quare
366 1939 454 2005 effice
468 1942 501 2005 et
522 1937 661 2019 elaboro,
676 1943 715 2004 ut
735 1939 899 2006 excelleus.
945 1939 1142 2026 (Priscianus
1155 1940 1224 2006 viii.
1244 1942 1303 2021 17,
1321 1942 1369 2005 96

152 2074 173 2096 =
188 2043 220 2122 2,
237 2043 312 2123 445,
329 2043 346 2108 l
363 2039 428 2107 K:
452 2041 493 2107 of.
510 2065 543 2106 x.
560 2043 591 2120 0,
608 2042 652 2106 36
666 2073 688 2094 =
703 2042 734 2122 2,
750 2043 825 2123 527,
841 2043 862 2108 8
878 2041 937 2129 Κ.)

570 2301 616 2344 ΔΙ)
639 2300 784 2345 EUNDEM
805 2300 874 2345 LIB.
898 2301 937 2346 11.

203 2453 372 2516 Commodum,
385 2470 443 2505 oum
453 2455 579 2505 commodo
590 2455 658 2506 dare.
692 2453 730 2504 M.
743 2454 842 2506 Tullius
853 2455 885 2506 ad
896 2454 977 2505 fllium
986 2454 1031 2506 lib.
1045 2454 1084 2506 11.
1097 2472 1103 2504 :

220 2570 283 2637 Oui
312 2591 383 2658 ego,
413 2569 668 2656 quibuscumque
702 2569 798 2637 rebus
826 2574 949 2658 potero,
973 2570 1186 2639 libentissime
1217 2594 1374 2640 commo·

155 2675 249 2742 dabo.
296 2673 439 2760 (Nonius
453 2696 485 2760 p.
502 2675 577 2755 275,
595 2673 660 2760 16.)

466 2907 512 2951 ΔΙ)
532 2907 678 2952 EUNDEM
695 2908 742 2952 EX
760 2906 862 2952 LIBRO
885 2906 1040 2952 lucense.

207 3047 231 3095 1.
248 3040 603 3104 suessionensem.
638 3039 871 3091 cicomacum:

224 3158 313 3225 Coris
328 3157 446 3223 delitis.
493 3155 679 3243 (Diomedes
694 3178 725 3242 p.
743 3156 806 3221 372
821 3155 860 3222 Ρ.
879 3156 908 3237 l,
925 3155 999 3235 375,
1017 3156 1060 3220 27
1077 3153 1136 3240 Κ.)

158 3363 186 3413 in
197 3360 346 3426 Pomponius
358 3359 455 3425 Digest,
470 3363 509 3420 18,
524 3363 545 3421 1,
560 3363 591 3409 66
603 3360 733 3424 (comesse
784 3360 856 3410 usual
877 3366 992 3425 arrogant
1006 3375 1117 3421 manner,
1139 3359 1242 3423 replied,
1256 3360 1316 3410 stt.
1330 3361 1369 3410 vi.

158 3428 223 3478 have
240 3427 413 3490 praestitum);
440 3431 578 3487 praestatus
599 3441 684 3475 occurs
706 3424 733 3475 in
771 3429 808 3486 ,2,
830 3427 940 3490 apso),
966 3427 1054 3476 Volunt
1069 3427 1203 3486 principes,
1228 3440 1262 3474 so.
1287 3426 1370 3487 Scap·

159 3492 226 3542 Plin.
238 3491 272 3541 Η.
285 3490 319 3540 Ν.
331 3507 391 3540 xxv.
406 3492 453 3540 25:
472 3506 511 3554 cp.
524 3489 734 3555 Neue-Wagener
786 3492 847 3539 tiam
864 3491 1013 3555 praesectum
1035 3505 1090 3551 em,
1116 3491 1164 3538 end
1188 3488 1315 3554 probably
1337 3490 1370 3540 in

158 3557 207 3608 iiie
220 3558 276 3609 575.
783 3555 827 3605 the
845 3571 912 3605 same
931 3555 1004 3604 letter
1023 3553 1073 3604 thie
1092 3553 1218 3618 fragment
1232 3555 1367 3604 occurred.

193 3624 217 3671 2.
235 3621 289 3686 illi]
321 3619 402 3671 These
418 3635 460 3669 uro
477 3618 581 3682 probabi
607 3617 651 3668 the
664 3618 733 3669 Sala·
783 3618 881 3669 Thisis
897 3619 939 3670 the
955 3618 1093 3681 admirably
1104 3617 1234 3683 ingenious
1251 3618 1320 3669 view
1336 3619 1371 3669 of

160 3685 267 3736 miniano
278 3687 304 3734 in
316 3684 424 3750 Cyprus,
440 3685 469 3733 of
481 3684 563 3734 whom
580 3635 674 3733 iratus
685 3685 734 3734 end
784 3684 815 3735 Ο.
828 3684 859 3733 Ε.
873 3684 985 3734 Schmidt
995 3683 1022 3732 in
1034 3683 1187 3747 Philologus,
1199 3686 1270 3745 1090,
1282 3699 1309 3759 p.
1320 3688 1365 3733 46.

161 3751 419 3814 Gatovverepctrons:
439 3750 732 3814 cp.ett.v.1‚5(2cs).
817 3752 840 3798 3.
858 3747 959 3814 servire]
993 3749 1055 3797 'ibis
1069 3747 1229 3812 fragmentis
1245 3754 1318 3812 quite
1335 3748 1367 3798 in

161 3814 248 3866 Cicero
258 3831 359 3879 appears
371 3820 397 3863 to
410 3813 473 3863 have
487 3813 588 3862 written
603 3819 629 3862 to
641 3813 734 3864 Brutus
783 3815 931 3863 socordenee
941 3812 1003 3862 with
1014 3813 1056 3863 the
1068 3813 1295 3876 ultra-republican
1306 3827 1366 3862 sen·

160 3879 259 3930 thethe
275 3879 347 3928 could
361 3885 405 3928 not
420 3878 523 3928 tolerate
539 3878 593 3927 that
605 3879 648 3928 the
661 3878 731 3928 Sala·
782 3878 884 3928 timente
900 3878 928 3928 ot
944 3877 1051 3936 Brutum
1069 3894 1108 3943 cp.
1121 3877 1184 3928 such
1199 3893 1316 3942 psseogea
1333 3893 1365 3929 se

161 3944 268 3994 minione
286 3943 374 3992 should
391 3944 422 3992 be
444 3942 536 4007 utterly
557 3942 660 4002 ruined;
684 3943 734 3992 and
784 3942 855 3992 Brut.
867 3944 884 3993 i.
904 3946 971 4003 16,8
991 3942 1068 4006 (864.

161 4010 217 4059 thet
227 4008 289 4073 they
299 4008 382 4057 would
392 4008 423 4057 be
434 4006 606 4057 ruinediithe
618 4008 735 4057 demands
816 4023 844 4057 x.
857 4006 875 4057 i.
894 4007 1015 4073 excelleres]
1085 4011 1141 4070 cept
1152 4007 1178 4056 in
1189 4005 1362 4071 thispossege,

161 4074 189 4124 oi
201 4073 294 4123 Brutus
305 4088 369 4122 were
380 4071 502 4122 enforeed.
531 4070 572 4121 He
583 4072 717 4122 confidenti
784 4072 870 4123 Cicero
896 4072 992 4137 clv-aye
1018 4088 1075 4122 uses
1105 4074 1222 4121 emollire.
1272 4071 1363 4123 Neue-

161 4139 242 4189 stated
254 4144 281 4189 tc
297 4136 397 4187 Atticus
412 4137 469 4187 that
485 4135 528 4186 the
547 4152 632 4186 course
651 4089 736 4188 vhioi
784 4136 917 4202 Wagcner,
929 4137 977 4186 iii³.
992 4139 1049 4197 280,
1069 4144 1144 4201 quote
1157 4140 1186 4185 34
1199 4134 1294 4186 certain
1304 4153 1365 4202 pes·

161 4203 194 4253 he
221 4204 325 4267 adopted
347 4201 430 4252 would
457 4202 585 4251 commend
611 4200 682 4252 itsolf
706 4208 733 4252 to
784 4218 862 4266 seges.
899 4203 931 4252 In
943 4201 1014 4252 Balb.
1034 4203 1072 4260 15,
1083 4201 1135 4251 Pia.
1148 4204 1188 4263 94,
1200 4201 1242 4251 the
1257 4201 1365 4252 balance

162 4267 237 4318 Cato:
257 4283 294 4331 ep.
312 4267 368 4316 stt.
384 4282 409 4315 v.
423 4269 463 4327 21,
483 4268 512 4315 13
524 4267 602 4330 (250),
618 4268 733 4316 avunculo
783 4267 811 4317 of
822 4268 939 4317 evidence
950 4266 972 4317 is
983 4265 1092 4317 muchin
1102 4266 1193 4317 favour
1204 4267 1233 4317 ot
1240 4265 1363 4318 thethiml

161 4336 212 4381 eiua
239 4338 299 4381 certe
315 4331 475 4393 probaturam
504 4331 539 4380 vi.
563 4333 588 4391 2,
612 4333 627 4380 8
649 4333 730 4407 (256),
782 4332 952 4397 conjugeticn.

163 4399 247 4463 Catoni
268 4403 329 4447 certe
352 4395 463 4458 precato.
510 4395 612 4458 Brutus,
636 4395 664 4446 in
690 4395 731 4446 hia
817 4400 839 4448 1.
859 4397 953 4463 detttie]
987 4412 1025 4462 cp.
1037 4412 1076 4447 11.
1088 4396 1107 4447 i.
1120 4396 1209 4448 below.
