3022 5444
274 367 660 436 Peenno-olonno
685 366 743 433 To
768 366 888 433 OOTA
897 367 1090 438 VIANUS.
1225 373 1292 439 289

83 559 183 627 tiernl
214 579 277 647 ego
306 561 414 644 patres
439 555 634 641 conscriptos
661 556 705 620 ad
730 554 939 641 parricidium
969 555 1096 639 induxi,
1126 581 1188 646 ego
1219 584 1289 629 rem

84 663 248 751 publicam
272 661 388 741 fefelli,
413 682 473 748 ego
500 661 607 747 ipsum
634 663 785 725 senatum
808 657 870 725 sibi
893 682 1011 726 manus
1036 662 1164 730 adferre
1184 667 1287 752 coligi,

84 789 159 834 oum
182 772 215 834 te
238 766 420 832 Iunonium
441 787 581 851 puerum
603 768 637 829 et
662 762 777 829 matris
802 767 880 829 tuas
906 768 1037 850 partum
1060 788 1195 834 aureum
1222 792 1291 838 esse

85 871 177 951 dixi3
210 876 244 936 at
273 874 307 937 te
336 870 407 935 fata
439 869 565 955 patriae
596 866 750 933 Paridem
783 866 933 933 futurum
962 868 1200 954 praedicebant,
1233 874 1290 961 qui

85 981 229 1043 vastares
258 972 372 1040 urbem
401 973 561 1053 incendio,
594 970 728 1037 Italiam
759 970 855 1051 bello,
884 972 941 1056 qui
967 977 1072 1039 castra
1094 974 1130 1039 in
1158 977 1290 1063 templis

87 1079 222 1146 deorum
242 1076 488 1156 immortalium,
513 1080 662 1141 senatum
683 1074 719 1139 in
742 1073 855 1140 caetris
875 1073 1046 1142 habiturus
1065 1099 1158 1142 esses.
1204 1079 1236 1143 7.
1260 1079 1292 1148 0

86 1183 236 1248 miseram
266 1185 301 1246 et
326 1179 362 1245 in
386 1179 477 1245 brevi
500 1183 570 1244 tam
595 1177 730 1244 celerem
761 1182 794 1243 et
824 1182 893 1243 tam
923 1178 1044 1245 variam
1064 1181 1112 1246 rei
1141 1182 1291 1268 publicae

86 1284 370 1351 commutationem
382 1283 390 1348 l
415 1283 566 1368 quisnam
580 1282 640 1347 teli
656 1281 786 1347 futurus
800 1281 934 1366 ingenio
949 1286 1008 1362 est,
1024 1283 1080 1369 qui
1093 1286 1196 1370 possit
1210 1286 1291 1355 haec

85 1389 135 1455 its
155 1387 310 1454 mandare
332 1386 459 1466 litteris,
483 1390 520 1451 ut
542 1385 640 1464 facta,
655 1406 722 1450 non
744 1385 819 1450 flcta
840 1385 1013 1452 videantur
1027 1387 1120 1454 esse?
1142 1390 1215 1474 quis
1228 1392 1290 1458 erit

85 1495 181 1558 tanta
205 1489 308 1557 animi
331 1489 499 1568 facilitate,
530 1488 597 1574 qui,
622 1511 704 1573 quae
734 1488 898 1555 verissime
926 1492 1082 1556 memoria
1111 1501 1295 1582 propagata

86 1595 219 1676 fuerint,
234 1617 300 1661 non
316 1592 447 1660 fabulae
462 1593 584 1659 similia
606 1594 649 1658 sit
664 1593 936 1659 existimaturus?
958 1595 1066 1682 cogita
1081 1597 1169 1665 enim
1183 1599 1292 1668 Anto·

86 1699 180 1765 nium
194 1697 319 1765 hostem
335 1697 525 1776 iudicatum,
536 1694 578 1762 ab
592 1717 631 1762 eo
646 1695 889 1764 circumsessum
900 1699 1065 1766 consulem
1079 1701 1290 1790 designatum

86 1803 290 1887 eundemque
320 1800 367 1866 rei
395 1799 544 1886 publicae
573 1804 753 1885 parentam,
783 1805 816 1866 te
845 1801 1028 1887 profectum
1054 1804 1098 1869 ad
1126 1809 1292 1876 consulem

86 1905 294 1972 liberandum
317 1908 350 1970 ct
373 1902 499 1969 hostem
519 1902 768 1988 opprimendum
790 1902 980 1990 hostemque
999 1929 1020 1972 a
1040 1911 1074 1974 te
1090 1908 1243 1996 fugatum
1258 1918 1293 1982 et

87 2008 253 2075 consulem
275 2006 440 2073 obsidione
462 2006 646 2085 liberatum,
662 2006 779 2072 deinde
800 2007 911 2092 paullo
931 2013 1004 2093 post
1020 2009 1175 2096 fugatum
1196 2013 1291 2081 illum

87 2110 213 2177 hostem
227 2110 414 2175 arcessitum
430 2114 596 2193 tamquam
612 2109 798 2175 coheredem
812 2115 942 2176 mortua
956 2135 990 2177 re
1005 2113 1135 2199 publica
1149 2117 1192 2182 ad
1206 2117 1294 2185 bona

86 2214 200 2301 populi
227 2212 369 2278 Romani
398 2212 565 2297 capienda,
587 2211 753 2277 consulem
774 2213 981 2299 designatum
1000 2238 1110 2282 rursus
1129 2219 1292 2288 inclusum

86 2339 135 2397 eo,
160 2316 218 2383 ubi
241 2337 275 2381 se
300 2337 367 2380 non
389 2313 567 2395 moenibus,
593 2316 651 2381 sed
667 2315 857 2382 fluminibus
874 2322 907 2382 et
931 2319 1097 2386 montibus
1122 2327 1292 2391 tueretur:

86 2419 166 2486 haec
180 2419 252 2505 quis
272 2418 392 2505 poterit
411 2419 599 2503 exponere?
621 2417 694 2503 quie
717 2420 843 2485 credere
857 2420 1019 2488 audebit?
1062 2423 1177 2491 Liceat
1191 2428 1290 2495 semel

87 2524 223 2610 impune
246 2544 387 2610 peecare,
408 2523 451 2588 sit
467 2525 588 2588 erranti
611 2520 773 2588 medicina
795 2522 961 2590 confessio.
1007 2527 1040 2591 8.
1063 2525 1189 2595 Verum
1204 2532 1291 2599 enim

87 2629 215 2695 dicam:
248 2626 376 2692 utinam
398 2630 431 2691 te
457 2625 576 2710 potius,
599 2625 739 2708 Antoni,
762 2627 931 2694 dominum
956 2650 1022 2696 non
1046 2632 1295 2717 expulissemus,

88 2753 187 2818 quam
218 2730 305 2796 huno
337 2729 569 2815 reciperemusl
609 2751 675 2794 non
706 2752 770 2815 quo
798 2730 869 2796 ulla
898 2731 941 2797 sit
971 2735 1114 2818 optanda
1143 2738 1292 2819 servitus,

87 2836 144 2902 sed
175 2834 251 2920 quia
281 2833 443 2920 dignitate
474 2833 598 2899 domini
626 2832 735 2898 minus
764 2833 869 2919 turpis
898 2841 945 2901 est
976 2835 1111 2902 fortuna
1135 2840 1230 2922 servi,
1257 2842 1292 2908 in

86 2937 212 3004 duobus
226 2940 335 3003 autem
353 2936 458 3015 melis,
474 2958 548 3001 cunr
570 2935 766 3022 fugiendum
788 2937 893 3002 maius
914 2938 968 3017 sit,
984 2939 1089 3005 levius
1107 2946 1155 3007 est
1170 2943 1293 3032 eligen-

85 3041 175 3108 dum.
221 3040 285 3106 Ille
301 3044 464 3106 satamon
479 3038 641 3118 exorabat,
655 3061 739 3126 quae
754 3039 883 3106 volebat
898 3040 1041 3108 auferres
1058 3047 1096 3109 tu
1111 3050 1295 3133 extorques.

85 3143 149 3212 Ille
164 3143 276 3210 consul
297 3142 497 3229 provinciam
517 3142 667 3229 petebat:
690 3148 728 3208 tu
748 3143 896 3229 privatus
918 3147 1124 3233 concupiscis.
1170 3148 1235 3217 1110
1250 3154 1293 3220 ed

85 3248 245 3314 malornm
260 3248 397 3313 salutem
411 3247 532 3313 iudicia
554 3246 771 3313 constituebat
785 3250 818 3312 et
832 3246 921 3331 leges
936 3247 1083 3317 ferebat:
1107 3255 1145 3318 tu
1160 3255 1203 3320 ad
1216 3277 1289 3341 par-

85 3353 203 3417 niciem
218 3351 425 3437 optimorum.
471 3348 535 3415 Ille
549 3372 570 3416 a
584 3349 745 3436 sanguine
766 3354 798 3416 et
816 3349 966 3418 inccndio
981 3375 1145 3422 servorum
1161 3355 1290 3445 Capito·

86 3454 169 3521 lium
191 3455 365 3520 tuebatur:
387 3459 427 3520 tu
450 3476 562 3520 cruore
587 3458 621 3519 et
643 3454 775 3519 flamma
798 3459 913 3520 cuncta
935 3456 1041 3520 delere
1063 3457 1121 3522 vis.
1166 3458 1213 3541 Si,
1236 3465 1293 3547 qui

86 3659 132 3709 life
142 3658 165 3707 is
175 3657 289 3718 flnished,
303 3657 353 3706 and
364 3657 463 3707 beccum
474 3656 580 3707 crased!
602 3656 664 3706 This
713 3656 816 3721 cluding
826 3657 963 3772 ppffipph
974 3658 1002 3708 oi
1009 3659 1052 3710 the
1063 3660 1109 3711 life
1119 3662 1148 3712 cf
1156 3662 1189 3714 D.
1198 3663 1293 3718 Brutus

85 3721 380 3774 istoounnaturaleven
393 3723 434 3771 lor
449 3721 662 3773 therhstorician.
712 3721 830 3772 skstched
932 3724 1111 3776 Introduction.

87 3788 134 3838 We
151 3788 240 3838 should
256 3786 376 3852 probably
388 3786 459 3849 alter,
477 3787 541 3838 with
556 3786 661 3837 Wesen·
740 3785 845 3852 potoris]
880 3786 974 3836 HErf.
989 3788 1076 3850 Orat.;
1095 3792 1266 3846 matitarhl.

85 3853 153 3916 berg,
167 3853 344 3913 lutulentique.
747 3854 770 3900 8.
785 3851 948 3965 provinciam}
973 3853 1198 3920 GalliaCisalpinn,
1208 3860 1291 3913 which

119 3915 374 3980 Iunonlumpuerum]
408 3914 436 3964 Ii
451 3914 661 3978 Ciceroeversp·
712 3916 797 3964 Anton
831 3916 930 3965 obtaine
963 3916 989 3966 in
1005 3919 1132 3984 exchange
1151 3921 1192 3972 for
1208 3922 1290 3976 Mace-

84 3982 151 4045 pliod
172 3987 199 4032 to
221 3980 344 4030 Octavian
366 3980 436 4030 these
457 3980 562 4030 affected
584 3979 661 4042 titles,
713 3980 786 4028 donia
798 3933 884 4045 hythe
896 3982 945 4030 sea
956 3984 1068 4033 Antonia
1079 3988 1293 4047 dspermutats'om

84 4047 144 4111 they
157 4063 214 4111 may
230 4045 341 4110 possibly
357 4045 421 4095 heve
436 4045 562 4095 reference
578 4050 605 4094 tc
621 4044 664 4094 the
708 4048 820 4106 precinct
822 4061 900 4093 aaaaa

83 4111 167 4161 dream
176 4109 510 4161 heisrslatedtohatehad
521 4109 597 4159 about
607 4108 664 4159 that
745 4112 837 4157 iudicia
849 4111 1016 4178 scrutiluedat]
1050 4112 1166 4164 Thebes
1180 4117 1293 4169 Antonia

84 4191 171 4241 young
182 4191 248 4234 man,
261 4175 329 4223 Plut.
343 4173 396 4224 Cic.
410 4179 451 4223 44.
485 4173 663 4224 Thedreamis
713 4175 844 4223 iudiciaria
852 4175 1290 4257 addsdathirdclassoljurpmento

84 4241 177 4290 related
189 4238 432 4304 differentlyinDio
443 4238 511 4289 Cass.
523 4238 576 4288 tls.
590 4239 663 4288 rand
716 4239 759 4288 the
768 4249 877 4288 senators
885 4241 934 4289 and
943 4241 1047 4306 equites.
1077 4243 1139 4293 This
1150 4245 1217 4296 third
1228 4248 1290 4300 class

86 4305 155 4355 Suet.
169 4306 225 4355 Oct.
239 4308 279 4353 94.
717 4319 769 4352 was
785 4309 811 4353 to
828 4304 919 4355 consist
930 4304 957 4355 of
973 4308 1114 4359 centuriom
1130 4312 1179 4360 and
1190 4312 1293 4364 soldiers

120 4372 144 4423 7.
154 4371 302 4434 fluminibus
313 4375 335 4418 rt
347 4368 477 4434 montibus]
501 4383 541 4433 cp.
553 4365 597 4418 the
608 4382 666 4419 oon·
716 4368 744 4419 of
754 4369 798 4419 tha
810 4369 893 4434 legion
904 4370 1010 4436 Alauda,
1021 4372 1088 4423 Phil.
1101 4373 1118 4425 'a
1133 4378 1180 4433 193
1193 4393 1219 4428 v.
1235 4381 1273 4428 12.

151 4462 212 4499 ror..
224 4461 262 4497 vr.
1138 4451 1163 4504 U
