3022 5444
443 397 663 468 nouom.
691 398 814 484 (snas
838 400 927 464 ru.
951 399 1022 485 za).
1274 400 1337 465 139

123 586 212 672 quod
236 589 268 651 te
290 585 465 651 sollicitum
488 607 555 651 esse
575 591 608 650 et
630 587 671 651 de
697 586 800 651 salute
825 591 934 650 nostre
958 588 1055 652 etde
1081 608 1190 651 rerum
1220 590 1340 651 eventu

126 686 293 773 putabam,
316 687 414 753 simul
431 711 466 753 ac
481 688 627 774 legiones
651 689 769 775 accepi,
786 711 865 774 quas
885 689 928 754 A.
944 689 1097 755 Allienus
1119 690 1276 755 eduxerat
1298 711 1341 753 ex

124 791 293 876 Aegypte,
321 791 431 877 scripsi
462 793 505 857 ad
533 796 566 857 te
596 790 845 878 tabellariosque
875 793 1055 878 complures
1085 793 1226 858 Romam
1252 791 1338 857 misi.

126 893 247 979 Scripsi
272 895 370 959 etiam
396 896 438 959 ad
465 900 614 959 senatum
638 895 773 975 litteras,
790 918 870 981 quas
895 897 987 961 reddi
1012 898 1102 961 vetui
1125 896 1216 981 prius
1241 916 1341 980 quam

126 996 188 1063 tibi
215 997 370 1062 recitatae
399 1003 515 1074 essent,
547 999 574 1062 si
605 999 689 1063 forte
719 999 784 1063 mei
814 998 1034 1085 obtemperare
1058 997 1140 1063 mihi
1166 997 1339 1063 voluerint.

130 1099 229 1170 Quod
244 1100 272 1164 si
286 1100 415 1166 litterae
431 1102 575 1185 perlatae
591 1124 657 1166 nou
672 1106 759 1181 sunt,
776 1124 842 1166 non
858 1101 974 1168 dubito
988 1103 1068 1188 quin
1083 1100 1267 1180 Dolabella,
1283 1100 1342 1185 qui

128 1204 254 1269 nelarie
270 1201 432 1269 Trebonio
448 1205 550 1270 occiso
574 1204 690 1270 Asiam
714 1205 892 1289 occupavit,
911 1205 1097 1272 tabellarios
1116 1227 1204 1271 meos
1226 1205 1342 1288 depre-

127 1304 278 1371 henderit
293 1307 481 1392 litterasque
497 1298 713 1393 interceperit.
760 1310 790 1372 2.
814 1307 987 1374 Exercitus
997 1331 1117 1385 omues,
1128 1310 1184 1394 qui
1201 1309 1234 1372 in
1245 1306 1342 1392 Syria

128 1408 273 1488 iueruut,
289 1413 395 1475 teneo.
453 1409 572 1476 Habui
586 1411 747 1496 pollulum
765 1432 883 1488 morae,
900 1413 977 1476 dum
1002 1411 1160 1496 promissa
1182 1407 1343 1475 militibus

127 1511 284 1597 persolvo.
330 1511 430 1578 Nune
452 1513 519 1578 iam
542 1536 615 1578 sum
637 1515 818 1600 expeditus.
864 1515 898 1578 A
921 1519 954 1580 te
980 1519 1066 1600 peto,
1084 1520 1121 1579 ut
1144 1513 1341 1598 dignitatem

127 1635 233 1679 meam
257 1617 517 1681 commendatam
539 1616 600 1681 tibi
624 1616 755 1697 habeas,
776 1618 803 1682 si
828 1640 880 1682 me
904 1618 1068 1704 intellegis
1083 1617 1213 1682 nullum
1236 1637 1343 1701 neque

127 1717 307 1802 perieulum
339 1741 443 1804 neque
473 1718 616 1785 laborem
647 1722 772 1806 patriae
799 1723 985 1806 denegasse,
1018 1721 1046 1785 si
1077 1726 1190 1786 contra
1219 1721 1340 1805 impor-

128 1819 318 1886 tunissimos
342 1821 485 1889 latrones
500 1845 591 1889 arma
605 1825 675 1910 cepi
690 1829 723 1890 te
738 1824 889 1890 hortante
904 1830 937 1890 et
952 1830 1091 1904 auctore,
1114 1825 1141 1890 si
1156 1846 1222 1890 nou
1237 1823 1343 1888 solum

131 1923 291 1988 exercitus
307 1926 347 1988 ad
363 1948 431 1990 rem
448 1925 610 2011 publicam
625 1926 874 2013 libertatemque
888 1928 1127 1994 defendendam
1148 1924 1342 2013 comparavi,

131 2028 187 2091 sed
203 2027 303 2092 etiam
318 2029 546 2094 crudelissimis
562 2030 713 2113 tyrannis
733 2031 856 2117 eripui:
882 2053 962 2116 quos
986 2031 1013 2095 si
1038 2033 1221 2116 occupasset
1240 2028 1343 2093 Dola·

131 2127 227 2210 bella,
254 2153 318 2195 uon
344 2131 449 2196 solum
479 2133 631 2212 adventu,
660 2135 716 2198 sed
743 2135 842 2199 etiam
869 2134 1020 2219 opinione
1047 2138 1079 2198 et
1105 2131 1344 2218 exspectatione

134 2233 296 2299 exereitus
311 2234 361 2298 sui
376 2234 563 2299 Antonium
573 2237 803 2302 confirmasset.
851 2241 880 2302 3.
906 2236 996 2308 Quas
1006 2236 1047 2303 ob
1057 2259 1108 2302 res
1119 2236 1241 2301 milites
1251 2238 1344 2300 tuere

134 2336 163 2400 si
177 2356 231 2400 eos
245 2336 380 2402 mirifice
395 2339 484 2402 dere
499 2336 630 2423 publica
645 2339 776 2404 meritos
791 2362 858 2404 esse
879 2339 1120 2418 animadvertis,
1137 2343 1169 2403 et
1188 2338 1286 2417 effice,
1302 2357 1345 2402 ne

133 2461 230 2524 quem
245 2441 408 2525 paeniteat
424 2464 492 2506 rem
509 2439 672 2525 publicam
692 2464 791 2528 quam
815 2465 905 2526 spem
931 2444 1069 2528 praedae
1096 2447 1128 2506 et
1154 2441 1344 2526 rapinarum

134 2543 226 2629 sequi
241 2543 402 2609 maluisse.
448 2543 536 2609 Item
563 2544 671 2609 Murci
693 2549 727 2610 et
751 2544 858 2629 Crispi
883 2545 1113 2629 imperatorum
1137 2542 1345 2628 dignitatem,

133 2651 294 2731 quantum
325 2652 375 2712 est
405 2646 440 2712 iu
470 2652 513 2727 te,
539 2654 639 2713 tuere.
699 2647 789 2713 Nam
821 2647 942 2712 Bassus
977 2647 1091 2712 misere
1123 2645 1229 2711 noluit
1261 2642 1346 2710 mihi

133 2750 297 2835 legionem
320 2752 458 2816 tradere.
522 2750 619 2822 Quod
646 2750 710 2815 nisi
734 2751 855 2816 milites
880 2750 985 2815 invito
1010 2771 1048 2816 eo
1073 2749 1199 2834 legatos
1224 2748 1267 2812 ad
1292 2768 1345 2812 me

133 2854 308 2932 misissent,
330 2854 471 2919 clausam
494 2853 677 2940 Apameam
697 2855 863 2934 tenuisset,
879 2853 986 2939 quoad
1001 2852 1034 2918 vi
1049 2855 1131 2917 esset
1145 2855 1344 2937 expugnata.

134 2955 229 3022 Haec
255 2979 275 3020 a
300 2962 334 3022 te
358 2964 434 3041 peto
461 2979 526 3023 non
553 2959 657 3023 solum
682 2959 729 3023 rei
753 2957 911 3043 publicae,
928 2979 1010 3041 quae
1036 2954 1099 3020 tibi
1124 2976 1250 3041 semper
1279 2952 1345 3018 fuit

167 3176 281 3243 aqimus]
332 3177 412 3227 These
429 3194 519 3242 appear
531 3189 556 3228 ιο
572 3177 636 3227 have
653 3177 716 3227 been
799 3177 920 3243 optatione]
969 3177 1022 3240 ‘hy
1044 3173 1088 3224 the
1110 3189 1176 3222 mers
1198 3171 1341 3222 surmise':

133 3245 231 3308 legions
242 3243 289 3291 lert
301 3241 335 3307 by
345 3243 436 3292 Caesar
446 3250 472 3293 to
481 3244 560 3307 guard
567 3241 712 3305 Cleopatra;
765 3247 923 3305 corfirmetur
937 3238 1149 3304 ‘strengthened'

133 3327 162 3360 or·
173 3310 215 3359 the
230 3314 358 3357 remnants
374 3308 402 3358 of
419 3307 462 3357 the
478 3324 550 3371 army
567 3308 594 3356 ot
612 3306 715 3357 Crassus
798 3310 822 3356 3.
840 3308 923 3355 Murci
934 3313 957 3355 et
968 3302 1061 3370 crispi]
1095 3320 1135 3366 cp.
1145 3303 1300 3363 notet0822,
1314 3305 1343 3359 13

134 3375 184 3424 and
197 3373 308 3436 Pompcy
322 3374 397 3436 (App.
409 3372 446 3421 iii.
460 3375 500 3434 78,
514 3373 549 3421 iv.
564 3373 614 3437 59).
764 3372 817 3422 also
829 3371 895 3419 Phil.
909 3371 943 3419 xi.
958 3374 997 3419 30.

168 3440 202 3486 A.
216 3436 343 3501 Allienus]
363 3452 401 3499 ap.
415 3440 471 3493 822,
487 3441 509 3486 1.
797 3435 874 3501 Nasu]
911 3435 952 3498 ‘ll
969 3451 1013 3498 say
1024 3432 1131 3495 nothing
1144 3432 1220 3480 about
1231 3429 1342 3492 Bassus),

168 3500 308 3563 corruptum]
342 3518 381 3563 ep.
395 3509 452 3551 note
469 3508 496 3552 ιο
513 3504 570 3560 855,
586 3505 609 3550 l.
661 3500 714 3549 One
764 3499 884 3548 larheiu
897 3499 985 3562 piriful
1001 3496 1102 3547 fashion
1118 3495 1218 3545 refused
1235 3501 1261 3544 ιο
1277 3494 1345 3543 hand

134 3582 197 3628 copy
209 3572 234 3614 at
246 3565 308 3612 least
319 3565 424 3615 reached
439 3566 534 3627 Cicero,
547 3565 597 3616 viz.
611 3568 669 3613 822.
765 3581 825 3613 ovar
845 3564 991 3628 hisglegion
1013 3573 1038 3612 ιο
1061 3565 1133 3610 me’:
1160 3563 1224 3622 App.
1249 3558 1287 3607 iii.
1313 3560 1343 3611 78

169 3627 331 3692 auersatum]
365 3629 426 3678 This
439 3632 512 3680 letter
522 3631 544 3678 is
559 3636 603 3678 not
619 3633 713 3678 extant.
765 3645 844 3677 seems
861 3636 888 3678 to
907 3644 952 3692 say
970 3629 1026 3676 that
1043 3627 1075 3675 he
1094 3625 1143 3674 had
1165 3631 1216 3673 two
1237 3623 1343 3685 legions.

170 3693 228 3759 erui]
263 3692 317 3741 The
328 3694 445 3744 relatives
461 3696 489 3744 of
506 3694 606 3769 Cassius
623 3695 654 3743 do
671 3697 716 3741 not
766 3694 816 3743 For
835 3695 934 3752 Bassus,
955 3708 993 3755 cp.
1008 3698 1065 3740 note
1080 3698 1106 3739 ιο
1121 3690 1193 3738 Fam.
1212 3687 1257 3735 xii.
1277 3689 1342 3747 18‚l

135 3755 715 3876 ppppparctipehrppelipprpopppgysierpplndtlpatterpp:
767 3759 895 3886 militm]
928 3819 989 3869 This
1006 3818 1097 3868 adverb
1114 3819 1136 3892 ιι
1152 3816 1223 3866 often
1239 3814 1300 3864 used
1317 3814 1345 3864 in

136 3887 296 3952 stepmother,
311 3887 425 3949 Servilia,
438 3888 552 3953 objected
563 3894 589 3936 ιο
605 3885 715 3937 Cicero's
765 3885 809 3935 the
820 3886 960 3935 aomcdians
978 3884 1005 3934 of
1021 3883 1063 3932 tho
1081 3898 1140 3946 paru
1158 3882 1186 3930 ol
1199 3889 1240 3929 too
1258 3885 1345 3942 strong

136 3953 297 4020 proceedings
309 3968 341 4002 ou
352 3952 391 4001 his
402 3952 488 4002 behalf
501 3955 566 4016 (823,
584 3952 616 4015 l).
766 3951 875 4000 emotion
893 3951 986 4011 (arrisere
1006 3963 1095 4006 amare,
1116 3949 1199 3994 vniam
1218 3945 1343 4005 deperire),

170 4025 194 4069 2.
209 4017 341 4082 pollulum]
358 4017 420 4067 This
431 4017 453 4066 is
462 4034 477 4066 a
485 4017 533 4067 less
545 4015 643 4079 elegant
652 4016 715 4065 loun
765 4016 812 4064 but
822 4015 844 4064 it
854 4015 876 4063 is
887 4020 987 4076 strange
998 4022 1024 4063 to
1036 4013 1088 4061 liud
1099 4012 1121 4060 it
1130 4009 1229 4074 applied
1241 4019 1267 4058 ιο
1282 4007 1345 4057 such

136 4085 175 4134 ιὀι·
193 4086 337 4144 paullulum.
372 4083 496 4132 Biiohelur
516 4081 576 4144 (Rh.
595 4080 662 4128 Mus.
678 4080 713 4129 xi.
766 4078 908 4143 anegatirc
917 4079 972 4127 idea
979 4094 1006 4127 as
1016 4076 1214 4139 una-illiugness.
1233 4071 1345 4135 Perhaps

139 4151 196 4213 511)
209 4157 297 4212 quotes
305 4147 404 4197 forthis
412 4149 478 4197 forrn
488 4145 550 4196 Cato
561 4146 593 4195 R.
604 4145 635 4194 a.
643 4160 669 4193 x.
682 4148 713 4205 2;
766 4148 838 4194 saber
849 4146 877 4194 οι
886 4143 921 4191 11.
935 4142 989 4193 Pal.
1003 4143 1024 4191 is
1038 4141 1116 4203 right.
1280 4200 1286 4212 ⁵

139 4214 192 4263 xxi.
207 4217 236 4269 3;
257 4213 335 4261 Varro
346 4212 375 4261 L.
389 4212 420 4262 L.
433 4228 459 4262 v.
474 4213 514 4271 35,
530 4212 585 4261 167.
799 4207 947 4273 Apamam]
960 4208 1029 4273 sixty
1038 4206 1109 4255 miles
1119 4203 1215 4254 S.E.0f
1226 4200 1344 4260 Διιιιοοιι,

171 4276 326 4342 differitatem]
380 4276 480 4326 Cassius
512 4273 604 4325 wished
631 4280 659 4324 ιο
684 4275 717 4326 be
767 4291 827 4325 near
843 4274 886 4324 the
906 4275 1019 4323 Orontes.
1065 4271 1146 4320 There
1169 4284 1220 4318 was
1241 4265 1347 4317 another

137 4343 255 4406 formally
267 4342 401 4405 appointed
413 4342 540 4391 Govcruor
551 4338 607 4388 oss
629 4342 674 4388 ria.
768 4342 877 4402 Apamea
893 4339 919 4387 iu
937 4336 1064 4402 Phrygia:
1089 4351 1129 4398 cp.
1147 4334 1201 4383 Διι.
1219 4349 1245 4382 v.
1271 4333 1346 4390 16,2

173 4407 298 4472 tyrranus]
332 4408 434 4470 Autony
445 4403 601 4455 andDolabe
638 4440 645 4453 .
770 4405 847 4468 (²08).
