3022 5444
470 427 670 496 noconv.
697 430 819 514 (rara
843 430 909 495 rr.
933 431 1004 514 11).
1278 432 1345 497 13⁷

129 634 217 678 nuno
232 613 377 700 legiones
393 615 465 681 alo:
490 638 555 701 qua
570 616 760 682 difficultate
775 620 813 682 tu
836 615 1001 683 arbitrare.
1047 616 1126 685 Non
1142 616 1170 682 si
1183 614 1343 686 Varronis

128 714 319 783 thensauros
345 717 509 792 haberem,
536 717 711 785 subsistere
737 721 885 806 sumptui
904 742 1042 807 possem.
1089 720 1342 807 cumprimum

129 821 170 884 dc
195 820 342 887 Antonio
369 822 575 907 exploratum
602 821 756 902 habuero,
784 823 903 889 faciam
928 829 961 890 te
986 824 1163 890 certiorem.
1210 822 1263 889 Tu
1287 846 1342 890 me

130 921 255 988 amabis
277 924 334 1003 ita,
351 924 378 989 si
393 924 453 990 hoo
468 925 557 990 idem
572 947 624 991 me
638 925 674 990 in
690 930 724 991 te
738 925 844 991 facere
859 927 1005 993 senseris.
1042 948 1095 992 111.
1117 926 1206 992 Non.
1224 926 1345 1007 Maias,

131 1047 171 1089 ex
186 1026 308 1102 castris,
326 1027 481 1093 Dertona.

211 1406 404 1477 DOCOLV.
449 1408 493 1474 D.
518 1409 710 1476 BRUTUS
734 1410 792 1477 ΤΟ
817 1412 987 1478 CICERO
1014 1414 1117 1497 (Fau.
1135 1436 1182 1480 ιιι.
1203 1418 1259 1497 ιι).

153 1590 319 1636 CONPINES
334 1591 376 1636 OF
390 1593 461 1638 THE
477 1592 760 1652 sTArtnLLnrtsn83
785 1597 857 1641 MAY
873 1597 908 1656 63
931 1598 964 1641 A·
981 1598 1015 1643 U·
1032 1598 1059 1643 C·
1078 1599 1147 1658 7113
1172 1599 1203 1642 Β.
1220 1600 1247 1645 0·
1264 1597 1321 1661 4³3

631 1698 707 1742 AET·
725 1700 786 1745 ClC·
804 1698 846 1748 63.

179 1842 212 1894 D.
234 1842 329 1893 Brutus
348 1843 397 1916 iter
415 1845 519 1894 Antonii
538 1847 570 1896 cd
587 1845 719 1910 Lepidum,
740 1848 892 1916 dubiamque
910 1849 997 1901 Planci
1015 1851 1090 1902 fldem
1108 1857 1134 1902 ct
1150 1866 1223 1902 suurn
1240 1850 1268 1901 ia
1289 1867 1345 1903 rem

129 1923 256 1988 publicam
274 1925 386 1975 studium
403 1926 538 1989 significat.

305 2068 339 2123 D.
361 2068 509 2124 BRUTUS
527 2069 605 2124 IMP.
626 2070 701 2125 COS.
720 2070 800 2125 DES.
820 2070 847 2125 S.
868 2071 902 2126 D.
924 2071 962 2125 hl.
983 2070 1168 2126 CICERONI.

197 2207 228 2271 1.
253 2205 380 2272 Eodem
395 2207 544 2292 exemplo
560 2231 580 2272 a
602 2212 635 2273 te
657 2207 739 2273 mihi
760 2209 888 2274 litterae
902 2210 1048 2274 redditae
1064 2213 1151 2288 sunt,
1167 2230 1232 2295 quo
1247 2208 1342 2292 pueri

128 2308 194 2374 mei
210 2309 404 2374 attulerunt.
450 2309 596 2375 Tantum
618 2333 670 2376 me
691 2310 752 2376 tibi
775 2311 892 2376 debere
914 2312 1075 2392 existimo,
1091 2317 1253 2399 quantum
1268 2333 1339 2395 per-

129 2411 253 2478 solvere
268 2411 399 2478 difficile
414 2419 472 2478 est.
518 2413 640 2498 Scripsi
663 2413 723 2479 tibi
746 2435 828 2498 quae
850 2413 904 2479 hic
918 2420 1119 2500 gererentur.
1164 2413 1207 2479 In
1223 2413 1344 2478 itinere

128 2519 177 2581 est
191 2516 378 2581 Antonius:
415 2516 458 2581 ad
480 2515 644 2601 Lepidum
667 2517 900 2602 proficiscitur:
937 2540 978 2583 ne
1000 2518 1040 2582 de
1063 2517 1186 2583 Planco
1208 2516 1339 2603 quidem

129 2640 219 2704 spem
235 2619 342 2685 adhuc
357 2619 484 2700 abiecit,
500 2624 539 2684 ut
554 2642 594 2685 ex
608 2619 728 2686 libellis
744 2621 812 2687 eius
827 2621 1053 2700 animadverti,
1070 2620 1127 2707 qui
1141 2620 1177 2684 in
1192 2641 1245 2685 me
1258 2618 1340 2684 iuci-

128 2723 258 2801 derunt,
281 2724 317 2787 in
340 2723 458 2808 quibus
480 2746 560 2808 quos
582 2724 624 2788 ad
646 2724 811 2804 Asinium,
833 2747 914 2811 quos
936 2725 978 2790 ad
1000 2723 1175 2809 Lepidum,
1196 2745 1276 2807 quos
1298 2722 1343 2786 ad

129 2825 290 2893 Plancum
304 2826 449 2893 mitteret
465 2826 634 2894 scrihebat.
680 2828 755 2915 Ego
775 2833 887 2894 tamen
903 2851 970 2895 non
985 2827 1086 2893 habui
1100 2827 1292 2911 ambiguum
1308 2830 1341 2893 ct

162 2979 300 3045 rumorum]
334 2978 459 3044 Probably
468 2981 533 3030 tobe
544 2981 619 3030 tehen
631 2981 710 3032 inthe
795 2985 818 3032 l.
831 2984 920 3031 Eodem
929 2983 1051 3042 exemplo.
1067 3018 1073 3031 .
1089 2979 1254 3057 .attulcrunt]
1275 2979 1340 3030 ‘da-

128 3059 199 3094 sensc
211 3043 239 3092 of
253 3051 284 3093 ‘a
293 3044 392 3093 force':
412 3060 450 3106 cp.
462 3045 476 3106 ς
490 3048 513 3093 3.
534 3045 606 3096 Some
617 3047 709 3097 editors
759 3047 862 3110 plicatas
874 3048 902 3097 ol
911 3062 974 3112 your
985 3047 1071 3096 letters
1079 3045 1162 3097 which
1171 3062 1215 3111 my
1227 3049 1342 3097 semente

128 3108 215 3159 follow
235 3108 320 3169 Orelli,
343 3110 392 3158 and
407 3109 475 3183 'alter
494 3117 520 3159 to
538 3126 648 3159 tranare:
668 3127 708 3173 cp.
759 3111 869 3174 brought
888 3120 973 3186 tome
993 3128 1035 3161 are
1052 3117 1078 3160 to
1097 3111 1181 3161 hand’
1218 3111 1252 3161 In
1268 3110 1345 3160 those

130 3172 200 3223 Caes.
226 3173 290 3223 Bell.
315 3173 381 3222 Gall.
405 3190 423 3222 1.
448 3178 489 3232 49,
510 3178 534 3233 3,
554 3177 591 3224 Eo
613 3179 710 3223 circiter
760 3177 889 3225 troublous
906 3182 988 3236 times,
1013 3176 1087 3225 when
1109 3176 1179 3225 thare
1207 3192 1259 3226 was
1278 3175 1340 3225 euch

129 3239 252 3288 bornicum
263 3254 362 3288 rrrrrnero
373 3241 471 3287 sedecim
486 3241 557 3287 milia
571 3277 576 3287 .
592 3273 598 3287 .
614 3277 620 3289 .
632 3243 708 3300 misit,
760 3242 853 3304 danger
864 3240 892 3290 oi
902 3241 988 3290 letters
998 3240 1074 3354 beinp
1085 3240 1245 3304 interceptae,
1258 3239 1280 3289 it
1288 3254 1346 3289 was

130 3305 212 3353 where
235 3320 302 3353 some
324 3318 372 3352 rrss
393 3305 452 3353 read
475 3320 607 3353 raucarum.
646 3304 709 3355 Boot
760 3306 962 3354 notanusualto
979 3306 1040 3355 scnd
1074 3306 1208 3369 uplicates:
1227 3321 1266 3369 cp.
1281 3307 1338 3367 856,

131 3368 200 3429 (abs.
221 3369 284 3418 Crit.
309 3371 351 3431 22)
374 3372 628 3433 suggests-nimirum
646 3405 653 3418 .
673 3406 707 3438 .'.
763 3374 784 3423 l.
797 3371 978 3482 tepidariaque
1000 3373 1129 3431 complures
1148 3372 1248 3422 Rotnani
1263 3371 1339 3418 orici:

131 3433 151 3478 lc
168 3435 238 3483 iones.
761 3437 807 3482 899
859 3471 865 3482 .

150 3451 285 3547 ll'arrorrir
309 3497 460 3562 thernaaros]
494 3499 530 3547 As
544 3503 614 3547 there
636 3496 710 3547 isno
793 3498 1065 3563 qrrcolieyercrentar]
1093 3497 1142 3549 We
1153 3498 1242 3548 should
1252 3502 1341 3560 expect

130 3563 214 3609 record
225 3560 281 3610 that
292 3561 334 3610 the
346 3562 438 3611 wealth
449 3563 477 3611 oi
485 3561 564 3612 Varro
581 3578 632 3611 was
649 3577 711 3627 very
759 3565 913 3626 otiabantur.
949 3564 1003 3612 The
1018 3563 1179 3629 subjunctivo
1200 3562 1345 3626 isperhapr

131 3633 209 3686 great,
227 3631 272 3674 not
291 3631 318 3674 to
336 3641 381 3689 say
398 3642 425 3675 so
442 3636 511 3690 great
523 3643 549 3675 as
566 3634 592 3675 to
608 3627 639 3676 be
650 3642 708 3689 pro·
760 3633 787 3677 to
799 3629 830 3677 bc
841 3627 973 3690 explained
988 3644 1015 3678 as
1028 3644 1043 3676 a
1058 3629 1156 3691 generis
1168 3627 1337 3691 subjunctive,

131 3689 233 3749 sorbul,
258 3688 335 3739 Orelli
357 3689 402 3739 has
424 3692 546 3754 supposed
564 3691 620 3740 that
639 3692 710 3741 thore
760 3693 849 3742 orelse
869 3709 896 3741 aa
913 3709 946 3741 an
965 3692 1112 3755 inaccuraoy
1130 3706 1163 3740 on
1182 3692 1225 3741 the
1242 3696 1298 3754 part
1313 3689 1341 3740 ol

130 3770 188 3817 may
211 3755 241 3803 be
263 3770 279 3803 a
299 3753 425 3804 reference
448 3766 474 3804 to
496 3771 543 3804 one
562 3755 589 3804 oi
609 3754 710 3805 Varro's
760 3755 870 3807 Brutus:
891 3773 930 3820 cp.
944 3756 1112 3812 Cassius822‚
1129 3759 1151 3804 l.

130 3818 283 3881 Menippean
302 3817 390 3867 satiras
407 3819 490 3869 which
508 3820 633 3869 hasbeen
650 3822 707 3870 lost.
794 3822 892 3885 libellis]
940 3817 1264 3870 ‘memorandum-boolrs’:
1298 3833 1337 3881 op.

131 3885 161 3931 ln
185 3883 205 3931 it
227 3883 306 3932 Varro
334 3899 392 3946 may
414 3883 479 3934 have
502 3885 615 3948 depiotcd
642 3901 709 3934 some
760 3886 828 3935 Phil.
849 3886 867 3934 i.
892 3890 930 3945 16,
953 3889 979 3933 in
1000 3886 1197 3934 corronentariolic
1214 3891 1237 3933 ct
1257 3884 1338 3933 chiro-

129 3948 256 3996 character
267 3950 393 4009 possessed
404 3949 432 3997 oi
442 3949 530 3998 untold
541 3949 641 3999 wealth.
757 3952 860 4014 prophis
871 3957 894 3998 ct
907 3950 1001 3999 libellis.

162 4013 302 4076 subsistere]
337 4016 378 4061 ‘to
389 4012 448 4063 hold
459 4020 503 4063 out
520 4014 648 4077 against':
668 4032 707 4078 cp.
793 4019 819 4063 in
832 4032 868 4062 occ
879 4013 1027 4079 inciderunt]
1061 4029 1077 4063 a
1087 4011 1223 4063 somewhat
1235 4012 1343 4063 careless

128 4076 187 4126 Liv.
201 4077 280 4126 xxvii.
296 4080 320 4137 l,
333 4080 355 4138 3,
368 4080 409 4127 cic
420 4079 560 4127 Hannibali
571 4085 642 4141 atque
658 4082 710 4129 ciue
760 4080 903 4143 expression
915 4079 942 4128 oi
957 4079 1072 4144 ordinary
1088 4079 1212 4143 lenguago
1226 4077 1266 4128 ior
1277 4077 1340 4126 rribi

129 4145 205 4191 armis
214 4142 386 4190 srrbsistmtrm.
761 4149 787 4194 in
799 4161 883 4192 rnarrns
895 4146 1039 4193 inciderant.

164 4211 208 4268 ita,
228 4206 263 4271 ri]
300 4207 373 4269 ‘only
392 4206 433 4255 if!
459 4207 565 4257 Watson
584 4222 711 4272 compares
793 4226 839 4258 nors
852 4210 925 4257 babai
936 4206 1086 4274 acerbiorem]
1123 4203 1340 4257 ‘Ididnothesi·

128 4275 184 4322 att.
198 4271 242 4322 vii.
258 4274 280 4331 7,
295 4272 399 4336 otras).
760 4274 832 4335 tate‚'
850 4273 967 4338 litarally,
983 4275 1049 4323 ‘had
1066 4278 1112 4323 not
1128 4288 1177 4336 any
1190 4270 1337 4335 navering!

162 4335 265 4400 ornabis]
299 4336 375 4399 polite
390 4335 545 4399 imperative.
761 4338 810 4389 We
822 4340 853 4388 do
863 4350 907 4388 not
919 4339 1033 4388 knowan
1042 4344 1114 4388 cruat
1124 4337 1242 4413 parallel;
1256 4335 1342 4410 babere

164 4400 285 4466 Dertona]
321 4403 406 4451 About
418 4404 448 4450 35
461 4402 532 4451 miles
543 4403 672 4453 duenorth
682 4402 710 4455 oi
761 4404 859 4452 dubium
881 4403 909 4452 in
928 4404 1011 4453 Plaut.
1033 4404 1106 4467 Oapt.
1125 4417 1160 4452 av.
1186 4404 1210 4463 2,
1238 4403 1292 4457 112,
1317 4416 1343 4449 rs

131 4470 233 4526 Ganoa;
250 4482 308 4516 now
319 4466 437 4517 Tortona.
761 4468 902 4532 something
912 4467 962 4518 like
974 4469 1002 4517 it.
