3022 5444
460 448 636 514 DCCCII.
664 449 781 530 (ΑΤΤ.
806 449 909 513 XVI.
932 448 1030 529 zoa).
1310 446 1350 509 31

235 869 404 938 DCCCII.
454 866 627 935 CICERO
650 867 709 934 ΤΟ
735 865 937 934 ATTICUS
961 866 1057 953 (Arr.
1081 886 1153 931 xvr.
1181 869 1261 945 real.

195 1092 382 1149 nouruum3
406 1091 593 1134 Νονιασοαα
612 1089 660 1149 10;
684 1091 716 1135 u.
734 1090 768 1134 ο.
785 1090 813 1134 c.
831 1087 898 1148 710;
923 1089 953 1132 s.
971 1089 998 1133 c.
1016 1089 1067 1148 443
1092 1089 1167 1133 arr.
1184 1089 1244 1133 cre.
1261 1089 1304 1135 ss.

249 1275 288 1325 De
299 1274 389 1325 itinere
402 1274 552 1325 Sinuessano
564 1273 693 1338 Aquinum
705 1288 793 1323 uersus
803 1272 871 1322 fecto
883 1278 908 1322 et
919 1269 1027 1336 acceptis
1039 1271 1119 1324 Attici
1129 1269 1249 1336 epistolis.

558 1454 691 1509 CICERO
710 1453 842 1509 ΔΤΤῙΟΟ
862 1453 941 1509 SAL.

214 1622 242 1685 1.
268 1621 296 1685 Ο
318 1642 428 1684 casum
447 1618 642 1684 mirificum!
690 1640 736 1684 v1.
757 1617 839 1684 Idus
862 1641 933 1684 oum
951 1625 1027 1685 ente
1050 1619 1153 1685 luoem
1170 1619 1210 1685 de
1226 1618 1360 1685 Sinues-

146 1746 226 1788 sano
249 1724 458 1788 surrexissem
479 1722 702 1808 venissemque
724 1722 868 1788 diluenlo
890 1724 933 1789 ad
956 1729 1089 1809 pontem
1112 1721 1285 1801 Tiretium
1301 1724 1358 1808 qui

145 1833 194 1893 est
218 1827 407 1905 Minturnis,
424 1826 459 1891 in
483 1848 548 1912 quo
569 1825 672 1891 flexus
693 1830 743 1891 est
766 1827 808 1891 ad
831 1826 893 1892 iter
908 1824 1062 1912 Arpinas,
1079 1825 1209 1892 obviam
1223 1825 1306 1890 mihi
1322 1826 1360 1890 fit

145 1930 344 2008 tabellarius
377 1931 434 2015 qui
464 1952 517 1996 me
547 1930 685 1995 ostendii
717 1928 856 2016 δολιχὸν
888 1930 996 1997 πλόον
1026 1934 1229 2017 ὁρμαίνοντα.
1287 1929 1364 2016 Ego

145 2035 268 2111 statim,
286 2032 407 2111 ‘eedo,'
418 2034 563 2118 inquam,
578 2032 621 2097 ‘si
634 2032 714 2117 quid
727 2031 767 2097 ab
778 2031 915 2098 Attico!
947 2032 1105 2098 Nondum
1114 2033 1222 2117 legere
1233 2038 1361 2118 potera·

146 2161 236 2203 mus:
260 2160 337 2201 nam
354 2141 387 2202 et
402 2136 528 2200 lumina
545 2135 771 2199 dimiseramus
786 2158 845 2199 nee
869 2135 947 2200 satis
965 2134 1105 2201 lueehat.
1152 2136 1235 2201 Cum
1251 2140 1360 2201 autem

145 2242 277 2319 lueeret,
295 2245 371 2304 ante
387 2238 506 2323 scripta
529 2236 665 2320 epistola
681 2259 720 2301 ex
737 2236 863 2302 duabus
879 2236 945 2301 tuis
964 2237 1052 2321 prior
1067 2237 1149 2302 mihi
1163 2237 1231 2324 legi
1246 2245 1360 2324 eoepta

146 2349 204 2410 est.
250 2343 317 2408 Illa
332 2342 478 2406 omnium
495 2340 626 2424 quidem
643 2338 897 2424 elegantissima.
941 2339 994 2404 Ne
1010 2339 1072 2404 sim
1087 2340 1206 2418 salvus,
1223 2341 1249 2405 si
1266 2340 1362 2406 aliter

146 2446 250 2513 soribo
267 2467 303 2510 ae
327 2444 452 2508 sentio:
477 2441 560 2506 nihil
576 2442 644 2527 legi
660 2441 845 2507 humanius.
891 2441 1011 2527 ltaque
1033 2443 1161 2507 veniam
1178 2465 1241 2528 quo
1256 2465 1362 2521 vooas,

148 2551 244 2615 modo
275 2547 423 2611 adiutore
453 2550 495 2610 te.
556 2543 621 2609 Sed
647 2543 732 2609 nihil
760 2549 828 2610 tam
853 2543 1115 2632 ἀπροσδιόνυσον
1144 2544 1226 2609 mihi
1255 2545 1360 2631 primo

147 2652 319 2718 videbatur
336 2671 434 2735 quam
446 2649 488 2713 ad
503 2668 557 2712 eas
567 2646 705 2723 litteras,
721 2646 839 2732 quibus
851 2671 912 2734 ego
928 2671 948 2713 a
963 2654 995 2712 le
1011 2647 1182 2712 eonsilium
1193 2648 1359 2733 petieram,

147 2764 181 2821 te
206 2755 288 2820 mihi
315 2755 378 2819 ista
403 2750 586 2818 rescribere.
641 2751 673 2816 2.
698 2748 783 2816 Eece
807 2751 868 2817 tibi
893 2752 1004 2831 ultera,
1032 2774 1097 2836 qua
1122 2750 1261 2816 hortaris
1286 2751 1359 2838 παρ’

149 2860 318 2944 ἠνεμόεντα
344 2863 501 2940 Μίμαντα,
520 2858 619 2930 υίισοο
637 2857 685 2920 iul
703 2859 839 2941 Ψυρίης,
854 2856 999 2942 Appiam
1022 2854 1141 2920 seilicet
1160 2852 1208 2921 ἐπ’
1225 2854 1362 2941 ἆριστσρ’

149 2963 277 3049 ἔχοντα.
324 2960 442 3045 Itaque
457 2981 495 3024 eo
510 2959 563 3022 die
573 2957 679 3022 mansi
699 2954 835 3042 Aquini.
881 2957 1073 3044 Longulum
1087 2980 1164 3023 sane
1179 2956 1242 3023 iter
1261 2964 1294 3023 et
1310 2958 1362 3022 via

147 3063 257 3129 mala:
283 3063 360 3128 inde
382 3060 538 3148 postridie
560 3082 656 3126 mane
683 3060 885 3145 proiioisoens
906 3059 966 3127 has
987 3061 1112 3126 litteras
1133 3059 1218 3126 dedi.

187 3270 208 3315 l.
227 3264 397 3331 eurraitsem]
434 3265 500 3329 ‘just
518 3263 578 3314 asl
601 3262 651 3311 had
667 3264 734 3313 rison
821 3264 1074 3331 ἀπροσδιόνυσον]
1115 3266 1303 3326 mal-d-propot:
1322 3279 1360 3326 cp.

152 3331 216 3379 from
239 3331 295 3393 bed,
322 3338 347 3381 to
366 3346 458 3394 pursue
476 3344 519 3392 my
536 3330 646 3395 journey
668 3328 734 3377 from
787 3330 842 3391 799,
856 3334 881 3379 4.

153 3394 290 3443 Sinuessa!
819 3394 930 3459 ἳ.ταρ’
964 3391 1146 3458 ἠνεμόεντα]
1196 3391 1304 3453 Atticus,
1337 3391 1365 3442 in

185 3459 289 3523 rados]
324 3458 530 3517 Heusesrador,
544 3456 642 3520 though
653 3455 734 3506 refer·
785 3458 901 3522 pointing
912 3466 956 3508 out
966 3458 1006 3507 his
1022 3466 1092 3507 route
1103 3466 1130 3507 to
1142 3456 1236 3515 Cicero,
1250 3458 1310 3506 used
1322 3457 1364 3507 the

153 3522 210 3584 ring
226 3531 252 3572 to
269 3539 284 3572 a
297 3525 406 3587 journe)¹
419 3523 453 3586 hy
465 3522 533 3582 land,
547 3536 575 3569 as
590 3535 638 3569 one
652 3520 735 3585 might
786 3524 867 3572 words
876 3524 903 3573 oi
914 3523 1017 3583 Homer,
1029 3524 1076 3572 Od.
1085 3522 1123 3572 iii.
1135 3524 1192 3581 171;
1208 3522 1241 3585 by
1252 3522 1366 3584 Μίμαντα

153 3602 211 3635 now
230 3588 308 3647 write,
333 3586 403 3635 ‘The
420 3593 535 3648 postman
552 3583 664 3634 knoolred
681 3585 736 3649 just
785 3586 817 3637 he
834 3604 919 3637 means
936 3588 978 3638 the
998 3585 1365 3650 Apennines,andbyri1‹rov

152 3667 180 3699 as
193 3650 356 3710 myboatwas
374 3666 403 3698 on
416 3651 456 3698 the
471 3651 541 3698 shore
555 3652 604 3698 and
617 3665 657 3711 my
675 3650 736 3698 bari·
785 3653 876 3716 Ψυρίης
897 3652 940 3703 the
957 3655 1038 3701 insula
1058 3652 1177 3711 Arpinas.
1212 3650 1265 3699 Tha
1282 3666 1362 3700 some.

155 3731 205 3762 was
216 3732 246 3762 συ
264 3716 303 3762 tle
318 3713 377 3774 ννα,’
395 3714 491 3778 though
509 3713 737 3778 contemplutinga
787 3716 855 3766 what
865 3713 1364 3780 labouredjokeolhttieusperhapssug-

153 3779 342 3844 land-journey.
786 3782 872 3844 gested
883 3788 910 3831 to
927 3781 1013 3830 Cicero
1024 3780 1064 3829 his
1076 3779 1205 3843 quotation
1216 3777 1243 3827 ol
1261 3781 1366 3842 δολιχὸν

185 3843 251 3919 cedo]
287 3844 361 3902 ‘give
379 3842 446 3904 me’;
472 3842 516 3893 the
533 3841 617 3907 plural
635 3843 736 3892 setteis
786 3846 866 3895 πλόον
882 3850 895 3895 ό
910 3847 1028 3908 μαίνοντα
1039 3847 1103 3894 from
1114 3846 1157 3893 the
1169 3859 1235 3893 same
1252 3848 1363 3892 context.

152 3909 232 3959 found
244 3925 269 3957 rn
282 3907 396 3958 Plautus.
819 3914 896 3958 mansi
945 3910 977 3959 ‘1
997 3927 1039 3960 em
1058 3908 1179 3973 staying,'
1196 3906 1302 3957 another
1317 3924 1362 3956 ex·

150 3973 291 4087 ὸθΙαυιίρα]
327 3973 357 4022 ‘I
375 3973 425 4022 had
441 3977 497 4022 sent
512 3987 585 4036 away
600 3970 645 4022 the
662 3971 732 4021 flam·
785 3974 899 4038 ampleo
926 3975 969 4025 the
985 3973 1210 4038 epistolarytense,
1226 3972 1267 4022 ior
1280 3971 1365 4022 whioh

181 4054 241 4089 aux.
783 4055 823 4090 see
834 4055 867 4090 on
879 4040 936 4102 771,
949 4044 971 4091 1.
