3022 5444
451 411 705 479 DCCOXOIX.
735 412 858 498 (Fan.
885 412 971 478 XII.
996 414 1066 495 30).
1302 412 1366 478 229

173 846 421 913 DCOCXCIX.
468 847 637 914 CICERO
661 848 719 915 ΤΟ
745 848 1050 916 CORNIFICIUS
1077 850 1181 934 (ern.
1203 872 1264 914 xu.
1282 853 1339 934 eo).

236 1056 345 1115 nouu3
371 1056 481 1099 nrrnn
495 1056 585 1100 suus
601 1055 616 1102 s
627 1059 635 1116 ;
660 1058 692 1101 n.
710 1057 743 1104 n.
761 1059 788 1103 c.
806 1054 874 1112 711;
900 1058 930 1101 u.
947 1059 974 1103 o.
993 1056 1044 1116 se;
1068 1059 1144 1101 nuru
1161 1058 1223 1103 cic.
1240 1057 1281 1104 es.

201 1220 239 1270 M.
252 1220 339 1272 Cicero
351 1222 478 1271 silentium
489 1222 639 1282 litterarum,
651 1223 718 1287 quod
734 1238 785 1274 non
795 1230 861 1273 esset
876 1222 926 1273 nisi
936 1222 1092 1288 litigantium
1108 1222 1363 1274 commendationibus

152 1301 345 1365 interpellatum,
359 1303 469 1352 molestis
479 1303 685 1366 oocupationibus
701 1303 754 1354 suis
770 1311 873 1355 excusat
890 1319 1047 1369 amoremque
1064 1319 1139 1353 suum
1149 1321 1273 1354 summum
1283 1303 1364 1354 amico

153 1383 292 1446 significat:
313 1384 401 1433 deinde
413 1385 443 1433 de
454 1384 520 1433 bello
531 1390 649 1435 renovato
661 1384 755 1444 scribit,
768 1392 823 1434 tum
834 1385 865 1435 de
876 1385 999 1448 angustiis
1009 1385 1129 1448 pecuniae
1141 1386 1254 1448 publices
1265 1390 1365 1448 propter

152 1470 287 1526 sumptum,
301 1481 375 1530 quem
387 1466 414 1514 in
425 1480 477 1514 rem
487 1464 621 1515 militarem
636 1466 774 1528 postularet
787 1465 950 1517 Cornificius:
970 1467 1000 1516 de
1018 1466 1150 1530 Dionysio,
1163 1468 1193 1517 de
1205 1466 1320 1531 Lucceio,
1333 1468 1365 1516 do

153 1545 257 1595 Calvisii
269 1546 368 1610 legetis.

550 1695 683 1751 CICERO
702 1696 918 1752 CORNIFICIO
937 1697 964 1751 8.

218 1852 248 1917 l.
266 1851 391 1918 Itane?
406 1857 533 1938 praeter
544 1851 726 1938 litigatores
741 1874 836 1920 nemo
852 1855 895 1919 ed
911 1860 943 1920 te
958 1877 1047 1919 meas
1062 1853 1214 1921 litteras?
1236 1852 1364 1918 Multae

151 1957 232 2020 istae
247 1957 400 2042 quidem:
424 1960 462 2020 tu
480 1956 567 2021 enim
582 1955 746 2039 perfecisti
761 1963 799 2023 ut
818 1980 915 2024 nemo
935 1958 1004 2024 sine
1027 1956 1145 2023 litteris
1160 1956 1239 2022 meis
1254 1955 1316 2022 tibi
1331 1977 1365 2021 se

151 2061 414 2125 commendatum
430 2063 582 2142 putaret:
606 2060 661 2123 sed
683 2059 756 2145 quis
774 2083 930 2147 umquam
947 2064 1078 2126 tuorum
1098 2061 1180 2127 mihi
1196 2060 1281 2124 dixit
1295 2080 1362 2124 esse

151 2163 203 2226 cui
228 2163 338 2226 darem
365 2161 445 2244 quin
471 2160 643 2226 dederim?
666 2167 724 2226 sut
748 2163 828 2247 quid
851 2163 933 2227 mihi
957 2163 1131 2229 iucundius
1154 2184 1263 2249 quam,
1288 2184 1363 2227 oum

151 2286 259 2328 coram
274 2270 381 2328 tecum
397 2265 486 2348 loqui
506 2286 571 2327 non
589 2264 720 2349 possim,
742 2270 799 2330 sut
819 2266 956 2332 scribere
975 2271 1017 2332 ad
1038 2273 1071 2333 te
1093 2271 1151 2332 aut
1166 2273 1239 2331 tuas
1254 2265 1363 2352 legere

152 2368 307 2432 litteras?
351 2367 443 2432 Illud
458 2367 563 2450 magis
586 2366 668 2431 mihi
683 2368 764 2432 solet
783 2390 851 2435 esse
873 2369 1056 2450 molestum,
1071 2370 1173 2435 tantis
1187 2391 1239 2435 me
1259 2370 1359 2454 impe·

150 2471 214 2536 diri
230 2469 504 2554 occupationibus,
519 2475 558 2535 ut
573 2472 616 2536 ad
631 2477 663 2536 te
679 2471 839 2537 scribendi
854 2494 926 2538 meo
941 2472 1101 2538 arbitratu
1119 2472 1254 2537 facultas
1269 2472 1361 2538 nulla

149 2581 255 2645 detur.
301 2579 335 2643 N
337 2602 380 2643 011
395 2579 482 2644 euim
500 2583 532 2643 te
547 2578 701 2664 epistolis,
717 2581 774 2646 sed
789 2580 1011 2646 voluminibus
1029 2581 1225 2659 lacesserem,
1242 2579 1360 2665 quibus

149 2684 281 2768 quidem
292 2706 344 2748 me
359 2705 379 2747 s
393 2687 426 2748 te
442 2682 609 2767 provocari
623 2683 801 2768 oportebat.
850 2682 1010 2755 Quamvis
1025 2682 1112 2747 onim
1121 2687 1294 2767 occupatus
1303 2681 1356 2760 sis,

149 2788 207 2852 otii
222 2794 331 2853 tamon
353 2787 426 2871 plus
446 2786 556 2866 habes,
572 2791 639 2866 aut,
656 2786 683 2851 si
707 2810 747 2853 ne
770 2791 807 2852 tu
827 2786 960 2873 quidem
978 2809 1079 2865 voces,
1103 2786 1170 2850 noli
1186 2786 1358 2871 impudens

148 2915 215 2957 esse
230 2914 290 2956 neo
304 2891 386 2955 mihi
401 2890 584 2955 molestiam
606 2889 759 2956 exhibere
779 2898 812 2956 et
831 2912 850 2955 e
871 2912 923 2956 me
938 2890 1063 2956 litteras
1083 2889 1265 2967 crebriores,
1282 2911 1356 2953 oum

147 3002 186 3060 tu
210 2995 291 3060 mihi
314 3016 387 3059 raro
409 2993 531 3072 mittas,
561 2993 720 3081 flagitare.
779 2994 811 3059 2.
842 2992 1032 3059 Nemeum
1058 2999 1155 3059 entes
1178 2991 1357 3057 distinebar

148 3099 300 3164 maximis
315 3097 588 3183 occupationibus,
609 3104 778 3184 propterea
799 3099 887 3184 quod
907 3097 1056 3164 omnibus
1074 3097 1158 3162 curis
1178 3119 1241 3162 rem
1251 3096 1356 3178 publi-

148 3227 213 3268 cum
236 3202 320 3269 mihi
345 3204 501 3268 tuendam
532 3201 699 3287 putabam,
725 3208 796 3267 tum
819 3201 880 3267 hoo
903 3205 1048 3286 tempore
1071 3201 1176 3265 multo
1199 3199 1356 3265 distineor

148 3307 378 3373 vehementius.
417 3305 469 3371 Ut
484 3307 570 3371 enim
587 3306 719 3391 gravius
734 3310 906 3391 aegrotant
921 3305 955 3383 ii,
973 3305 1111 3391 quicum
1127 3305 1226 3370 levati
1240 3301 1353 3369 morbo

147 3412 344 3489 viderentur,
369 3411 403 3473 in
429 3433 502 3475 eum
533 3410 573 3475 de
603 3411 731 3494 integro
754 3408 951 3487 inciderunt,
978 3409 1023 3473 sio
1047 3406 1269 3472 vehementius
1295 3427 1354 3471 nos

179 3596 241 3646 This
251 3595 326 3644 letter
337 3611 388 3643 was
404 3595 525 3658 probably
538 3595 636 3644 written
648 3594 724 3644 about
775 3609 808 3645 no
824 3593 923 3654 lsisure,
942 3595 974 3645 do
991 3600 1035 3643 not
1053 3594 1083 3642 be
1102 3592 1278 3655 importunate,
1302 3591 1349 3640 and

148 3663 191 3712 the
202 3675 269 3710 seme
281 3660 340 3708 time
351 3676 378 3708 ns
390 3662 453 3708 898:
472 3675 512 3708 sce
527 3659 618 3708 introd.
632 3666 657 3708 to
669 3659 725 3709 that
775 3659 837 3721 lreop
859 3659 987 3722 troubling
1008 3673 1057 3718 me,
1079 3657 1127 3705 and
1145 3656 1250 3705 demand
1268 3653 1296 3703 oI
1311 3670 1351 3703 me

148 3730 228 3787 letter,
243 3725 292 3773 und
303 3729 360 3773 notc
372 3730 397 3772 to
410 3724 421 3787 b
435 3728 449 3771 2
461 3723 489 3772 of
499 3723 550 3772 this
558 3739 614 3774 one.
774 3738 841 3772 more
852 3723 970 3786 frequent
980 3724 1074 3782 letters,
1088 3720 1161 3769 when
1178 3736 1229 3784 you
1241 3719 1312 3769 write
1324 3726 1351 3768 to

182 3796 204 3840 l.
224 3788 369 3853 lits'yatoree]
404 3789 489 3838 ‘those
508 3789 564 3838 who
580 3788 644 3837 have
660 3787 722 3838 law·
774 3803 814 3837 mo
831 3802 858 3836 eo
874 3787 985 3836 soldom.'
1021 3785 1074 3835 Tha
1088 3785 1177 3848 lindly
1191 3794 1248 3834 tone
1265 3791 1290 3833 ol
1306 3794 1350 3833 tno

147 3856 228 3911 suits,’
247 3855 303 3913 and,
322 3852 489 3916 accordingly,
507 3852 550 3901 did
568 3859 612 3903 not
631 3852 678 3902 fail
697 3859 724 3903 to
774 3852 848 3901 letter
859 3851 986 3915 generally
997 3851 1064 3900 leads
1079 3865 1125 3898 one
1137 3860 1162 3898 to
1173 3864 1277 3911 suppose
1293 3850 1350 3898 that

146 3927 247 3985 present
259 3918 323 3967 their
334 3918 419 3966 letters
431 3919 459 3966 of
467 3918 643 3967 introduction.
674 3917 724 3968 Fon
773 3916 865 3975 thinis,
880 3915 907 3964 in
923 3930 990 3965 some
1005 3930 1125 3974 measure,
1142 3930 1158 3963 a
1170 3913 1313 3962 simulation
1324 3912 1352 3963 ol

147 3986 233 4048 ellipse
244 3984 272 4032 of
282 3985 347 4030 dedit
361 3999 399 4044 cp.
414 3984 468 4032 Ate.
485 3981 529 4030 xii.
550 3986 589 4043 38,
606 3986 617 4030 l
636 3982 721 4046 (b8l);
774 3997 860 4045 anger.
895 3980 945 4029 For
962 3995 991 4028 ne
1008 4015 1015 4028 .
1035 4016 1041 4030 .
1062 4014 1069 4028 .
1087 3981 1182 4040 quidem
1193 3994 1233 4028 see
1245 3977 1309 4026 Reid
1319 3991 1352 4026 ou

147 4051 217 4099 Fani.
232 4065 274 4098 xv.
293 4054 328 4104 16,
344 4051 353 4095 l
369 4049 447 4111 (531).
774 4047 851 4095 Acsd.
865 4045 880 4094 i.
894 4047 918 4093 b.

103 4155 109 4167 ,
180 4119 311 4163 lacesserem
361 4110 469 4160 ‘asseiL'
808 4114 831 4160 2.
852 4113 940 4157 iacerem
950 4106 1241 4173 detnteyreinctderunt]
1273 4105 1354 4155 ‘hove

178 4180 303 4240 prosecari
354 4177 464 4239 ‘though
481 4176 504 4225 it
519 4175 541 4225 is
557 4175 722 4241 byvolumes,
775 4175 916 4237 ciclopes)
951 4174 1005 4223 The
1016 4175 1087 4223 usual
1101 4175 1168 4223 word
1178 4172 1350 4234 for‘relapsc'

147 4245 244 4302 indeed,
265 4242 321 4290 that
342 4241 354 4290 Ι
374 4242 464 4290 should
482 4240 546 4290 have
568 4241 630 4290 been
654 4239 723 4290 chal·
777 4239 799 4289 ie
810 4242 928 4289 recidere:
946 4255 985 4303 cp.
999 4240 1053 4288 Aac
1065 4238 1111 4287 xii.
1127 4242 1166 4298 21,
1186 4238 1293 4303 5(ὀό7),
1305 4237 1355 4285 and

148 4310 237 4373 lenged
249 4310 286 4369 (to
298 4304 524 4368 nruko1·epr1'scls).’
546 4304 594 4354 For
600 4307 727 4366 provocari
772 4305 853 4366 febres
864 4307 980 4353 recidivae
997 4304 1020 4354 is
1036 4304 1079 4354 the
1097 4303 1219 4353 technical
1236 4309 1297 4353 term
1314 4301 1356 4350 ior

150 4374 212 4423 with
223 4373 272 4422 abl.
285 4388 324 4434 cp.
340 4372 389 4419 Off.
402 4372 420 4419 i.
434 4375 474 4419 48.
780 4376 924 4420 ‘recurrent
933 4368 1036 4419 feners!

183 4447 227 4487 aaut
246 4475 252 4486 .
273 4474 280 4486 .
301 4473 307 4486 .
327 4435 410 4502 cacas]
452 4438 496 4485 ‘or
512 4434 535 4484 ii
549 4433 728 4498 youtoobave
810 4433 981 4499 sodomitae]
1017 4432 1152 4498 ‘aeirtcly'
